@article{1970-trade_offs_in_hash_coding_with_errors_bloom-cacm,
  title =	 "{Space/Time Trade-offs in Hash Coding with Allowable
                  Errors}",
  author =	 "B. Bloom",
  journal =	 "Communications of the ACM",
  year =	 1970,
  month =	 "July",
  volume =	 13,
  number =	 7,
  score1 =	 5,
  score2 =	 5,
}

@inproceedings{1977-universal_classes_of_hash_functions-stoc,
  title =	 "{Universal Classes of Hash Function}",
  author =	 "J. Carter and M. Wegman",
  booktitle =	 "Proceedings of the Symposium on Theory of Computing
                  (STOC)",
  year =	 1977,
  score1 =	 5,
  score2 =	 5,
}

@techreport{1979-probabilistic_algos_in_finite_fields-tr,
  title =	 "{Probabilistic Algorithms in Finite Fields}",
  author =	 "M. Rabin",
  number =	 "TR-213",
  institution =	 "Massachusets Institute of Technology",
  year =	 1979,
  score1 =	 5,
  score2 =	 5,
}

@techreport{1981-fingerprinting_by_rnd_polinomials-tr,
  title =	 "{Fingerprinting by Random Polinomials}",
  author =	 "M. Rabin",
  number =	 "TR-15-81",
  institution =	 "The Hebrew University of Jerusalem and Harward University",
  year =	 1981,
  score1 =	 4,
  score2 =	 5,
}

@article{1984-string_to_string_correction_block_moves-tocs,
  title =	 "{The String-to-String Correction Problem with Block
                  Moves}",
  author =	 "W. Tichy",
  journal =	 "ACM Transactions on Computer Systems",
  year =	 1984,
  month =	 "November",
  volume =	 2,
  number =	 4,
  score1 =	 5,
  score2 =	 5,
}

@inproceedings{1990-cvs_ii_parallel_soft_development-atc,
  title =	 "{CVS II: Parallelizing Software Development}",
  author =	 "B. Berliner",
  booktitle =	 "Proceedings of the USENIX Winter Technical Coference",
  year =	 1990,
  score1 =	 5,
  score2 =	 5,
}

@techreport{1992-md5_rfc-tr,
  title =	 "{The MD5 Message-Digest Algorithm}",
  author =	 "R. Rivest",
  number =	 "RFC 1321",
  institution =	 "MIT Laboratory for Computer Science and RSA Data Security,
                  Inc.",
  year =	 1992,
  score1 =	 5,
  score2 =	 5,
}

@incollection{1993-some_apps_of_rabin_fingerprints-incoll,
  title =	 "{Some Applications of Rabin's Fingerprinting Method}",
  author =	 "A. Broder",
  booktitle =	 "Sequences II: Methods in Communication, Security, and
                  Computer Science",
  editor =	 "R. Capocelli and A. DeSantis and U. Vaccaro",
  year =	 1993,
  score1 =	 4,
  score2 =	 5,
}

@inproceedings{1994-finding_similar_files_in_large_fs-atc,
  title =	 "{Finding Similar Files in a Large File System}",
  author =	 "U. Manber",
  booktitle =	 "Proceedings of the USENIX Winter Technical Coference",
  year =	 1994,
  reflooked =	 "yes",
  assigned =	 "Vasily",
  reviewed =	 "yes",
  score1 =	 2,
  score2 =	 1,
}

@inproceedings{1995-copy_detection_for_digital_docs-sigmod,
  title =	 "{Copy Detection Mechanisms for Digital Documents}",
  author =	 "S. Brin and J. Davis and H. Garcia-Molina ",
  booktitle =	 "Proceedings of the ACM SIGMOD Conference",
  year =	 1995,
  score1 =	 3,
  score2 =	 4,
}

@inproceedings{1996-empirical_study_of_delta_algos-scm,
  title =	 "{An Empirical Study of Delta Algorithms}",
  author =	 "J. Hunt and K. Vo and W. Tichy",
  booktitle =	 "Proceedings of Workshop on System Configuration
                  Management",
  year =	 1996,
  score1 =	 3,
  score2 =	 4,
}

@inproceedings{1997-on_resemblance_containment_docs-sequences,
  title =	 "{On the Resemblance and Containment of Documents}",
  author =	 "A. Broder",
  booktitle =	 "Proceedings of SEQUENCES Conference",
  year =	 1997,
  score1 =	 2,
  score2 =	 4,
  assigned =	 "Philip",
  reviewed =	 "yes",
}

@inproceedings{1997-content_name_config_management-sr,
  title =	 "{Using content-derived names for configuration
                  management}",
  author =	 "J. Hollingsworth and E. Miller",
  booktitle =	 "Proceedings of symposium on Software reusability",
  year =	 1997,
  score1 =	 4,
  score2 =	 4,
}

@inproceedings{1997-potential_benefits_of_delta_encod_for_http-sigcomm,
  title =	 "{Potential Benefits of Delta Encoding and Data Compression
                  for HTTP}",
  author =	 "J. Mogul and F. Douglis and A. Feldmann and
                  B. Krishnamurthy",
  booktitle =	 "Proceedings of ACM SIGCOMM Conference",
  year =	 1997,
  score1 =	 3,
  score2 =	 4,
}

@techreport{1997-potential_benefits_of_delta_encod_for_http-tr,
  title =	 "{Potential Denefits of Delta Encoding and Data Compression
                  for HTTP (Corrected Version)}",
  author =	 "J. Mogul and F. Douglis and A. Feldmann and
                  B. Krishnamurthy",
  number =	 "WRL Research Report 97/4a",
  institution =	 "Western Research Laboratory",
  year =	 1997,
  score1 =	 3,
  score2 =	 4,
}

@inproceedings{1998-protecting_fs_backup_techn_survey-msst,
  title =	 "{Protecting File Systems: A Survey of Backup Techniques}",
  author =	 "A. Chervenak and V. Vellanki and Z. Kurmas",
  booktitle =	 "Proceedings of the Joint NASA and IEEE Mass Storage
                  Conference",
  year =	 1998,
  score1 =	 5,
  score2 =	 5,
}

@inproceedings{1998-archival_storage_for_digital_libraries-dl,
  title =	 "{Archival storage for digital libraries}",
  author =	 "A. Crespo and H. Garcia-Molina",
  booktitle =	 "Proceedings of the ACM conference on digital libraries
                  (DL)",
  year =	 1998,
  score1 =	 2,
  score2 =	 2,
  assigned =	 "Philip",
  reviewed =	 "short",
}

@techreport{1999-trace_based_analysis_duplicate_suppress_http-tr,
  title =	 "{A Trace-based Analysis of Duplicate Suppression in HTTP}",
  author =	 "J. Mogul",
  number =	 "WRL Research Report 99/2",
  institution =	 "Western Research Laboratory",
  year =	 1999,
  score1 =	 4,
  score2 =	 4,
}

@phdthesis{1999-algos_for_sorting_and_syncing_rsync-phd,
  title =	 "{Efficient Alogrithms for Sorting and Synchronization}",
  author =	 "A. Tridgell",
  school =	 "Australian National University",
  year =	 1999,
  score1 =	 2,
  score2 =	 3,
  assigned =	 "Philip",
}

@inproceedings{2000-single_instance_storage_windows_2000-atc,
  title =	 "{Single Instance Storage in Windows 2000}",
  author =	 "W. Bolosky and S. Corbin and D. Goebel and J. Douceur",
  booktitle =	 "Proceedings of the ATC Conference",
  year =	 2000,
  reflooked =	 "yes",
  assigned =	 "Vasily",
  reviewed =	 "yes",
  score1 =	 1,
  score2 =	 1,
}

@inproceedings{2000-feasibility_serverless_file_system_on_existing_desktop_pcs-sigmetrics,
  title =	 "{Feasibility of a Serverless Distributed File System
                  Deployed on an Existing Set of Desktop PCs}",
  author =	 "W. Bolosky and J. Douceur and D. Ely and M. Theimer",
  booktitle =	 "Proceedings of ACM SIGMETRICS Conference",
  year =	 2000,
  score1 =	 5,
  score2 =	 5,
}

@inproceedings{2000-identifying_filtering_near_duplicate_docs-cpm,
  title =	 "{Identifying and Filtering Near-Duplicate Documents}",
  author =	 "A. Broder",
  booktitle =	 "Proceedings of the Symposium on Combinatorical Pattern
                  Matching (CPM)",
  year =	 2000,
  assigned =	 "Vasily",
  score1 =	 3,
  score2 =	 3,
}

@inproceedings{2000-technique_for_eliminating_redundant_network_traff-sigcomm,
  title =	 "{A Protocol-Independent Technique for Eliminating
                  Redundant Network Traffic}",
  author =	 "N. Spring and D. Wetherall",
  booktitle =	 "Proceedings of ACM SIGCOMM Conference",
  year =	 2000,
  score1 =	 2,
  score2 =	 4,
  assigned =	 "Philip",
  reviewed =	 "yes",
}

@inproceedings{2001-low_bandwidth_network_fs-sosp,
  title =	 "{A Low-bandwidth Network File System}",
  author =	 "A. Muthitacharoen and B. Chen and D. Mazieres",
  booktitle =	 "Proceedings of the ACM Symposium on Operating System
                  Principles",
  year =	 2001,
  reflooked =	 "yes",
  assigned =	 "Vasily",
  reviewed =	 "yes",
  score1 =	 1,
  score2 =	 1,
}

@inproceedings{2002-venti_new_approach_to_archival_storage-fast,
  title =	 "{Venti: a New Approach to Archival Storage}",
  author =	 "S. Quinlan and S. Dorward",
  booktitle =	 "Proceedings of the FAST Conference",
  year =	 2002,
  reflooked =	 "yes",
  assigned =	 "Vasily",
  reviewed =	 "yes",
  score1 =	 1,
  score2 =	 1,
}

@inproceedings{2002-optimizing_migration_of_virtual_computers-osdi,
  title =	 "{Optimizing the Migration of Virtual Computers}",
  author =	 "C. Spuntzakis and R. Chandra and B. Pfaff and J. Chow and
                  M. Lam and M. Rosenblum",
  booktitle =	 "Proceedings of the OSDI Conference",
  year =	 2002,
  score1 =	 5,
  score2 =	 4,
}

@inproceedings{2002-mem_management_vmware_esx-osdi,
  title =	 "{Memory Resource Management in VMware ESX Server}",
  author =	 "C. Waldspurger",
  booktitle =	 "Proceedings of the OSDI Conference",
  year =	 2002,
  score1 =	 5,
  score2 =	 4,
}

@inproceedings{2003-app_specific_delta_encoding-atc,
  title =	 "{Application-specific delta-encoding via resemblance
                  detection}",
  author =	 "F. Douglis and A. Iyengar",
  booktitle =	 "Proceedings of the ATC Conference",
  year =	 2003,
  assigned =	 "Vasily",
  score1 =	 3,
  score2 =	 3,
}

@inproceedings{2003-evolution_near_duplicate_web_pages-laweb,
  title =	 "{On the Evolution of Clusters of Near-Duplicate Web
                  Pages}",
  author =	 "D. Fetterly and M. Manasse and M. Najork",
  booktitle =	 "Proceedings of the Conference on Latin American Web
                  (LA-WEB)",
  year =	 2003,
  score1 =	 4,
  score2 =	 4,
}

@inproceedings{2003-compare_by_hash_analysis-hotos,
  title =	 "{An Analysis of Compare-by-hash}",
  author =	 "V. Henson",
  booktitle =	 "Proceedings of the Workshop on Hot Topics in Operating
                  Systems (HotOS)",
  year =	 2003,
  score1 =	 4,
  score2 =	 1,
}

@inproceedings{2003-value_based_web_caching-www,
  title =	 "{Value-Based Web Caching}",
  author =	 "S. Rhea and K. Liang and E. Brewer",
  booktitle =	 "Proceedings of International World Wide Web Conference
                  (WWW)",
  year =	 2003,
  score1 =	 5,
  score2 =	 5,
}

@inproceedings{2003-opportunistic_use_of_cas_for_distr_fs-atc,
  title =	 "{Opportunistic Use of Content Addressable Storage for
                  Distributed File Systems}",
  author =	 "N. Tolia and M. Kozuch and M. Satyanarayanan and B. Karp
                  and T. Bressoud and A. Perrig",
  booktitle =	 "Proceedings of the ATC Conference",
  year =	 2003,
  assigned =	 "Philip",
  reviewed =	 "yes",
  score1 =	 2,
  score2 =	 2,
}

@article{2004-network_apps_of_bloom_filters-im,
  title =	 "{Network Applications of Bloom Filters: A Survey}",
  author =	 "A. Broder and M. Mitzenmacher",
  journal =	 "Internet Mathematics",
  year =	 2004,
  month =	 "November",
  volume =	 1,
  number =	 4,
  score1 =	 5,
  score2 =	 5,
}

@inproceedings{2004-dup_elim_san_fs-msst,
  title =	 "{Duplicate Data Elimination in a SAN File System}",
  author =	 "B. Hong and D. Long and D. Plantenberg and M. Sivan-Zimet",
  booktitle =	 "Proceedings of the MSST Conference",
  year =	 2004,
  score1 =	 1,
  score2 =	 2,
}

@inproceedings{2004-redundancy_elimination-atc,
  title =	 "{Redundancy Elimination Within Large Collections of
                  Files}",
  author =	 "P. Kulkarni and F. Douglis and J. LaVoie and J. Tracey",
  booktitle =	 "Proceedings of the ATC Conference",
  year =	 2004,
  assigned =	 "Vasily",
  score1 =	 2,
  score2 =	 1,
}

@inproceedings{2004-alternatives_for_detecting_redundancy-atc,
  title =	 "{Alternatives for Detecting Redundancy in Storage Systems
                  Data}",
  author =	 "C. Policroniades and I. Pratt",
  booktitle =	 "Proceedings of the ATC Conference",
  year =	 2004,
  assigned =	 "Philip",
  reviewed =	 "yes",
  score1 =	 3,
  score2 =	 2,
}

@inproceedings{2004-eval_efficient_archival_storage_techniques-msst,
  title =	 "{Evaluation of Efficient Archival Storage Techniques}",
  author =	 "L. You and C. Karamanolis",
  booktitle =	 "Proceedings of the MSST Conference",
  year =	 2004,
  assigned =	 "Philip",
  reviewed =	 "yes",
  score1 =	 2,
  score2 =	 2,
}

@techreport{2005-framework_analyzing_content_based_chunking-tr,
  title =	 "{A Framework for Analyzing and Improving Content-Based
                  Chunking Algorithms}",
  author =	 "K. Eshghi and H. Tang",
  number =	 "HPL-2005-30R1",
  institution =	 "HP Labs",
  year =	 2005,
  reflooked =	 "yes",
  assigned =	 "Philip",
  reviewed =	 "yes",
  score1 =	 1,
  score2 =	 1,
}

@inproceedings{2005-finding_similar_files_in_large_document_repo-kdd,
  title =	 "{Finding Similar Files in Large Document Repositories}",
  author =	 "G. Forman and K. Eshghi and S. Chiocchetti",
  booktitle =	 "Proceedings of the ACM SIGKDD International Conference on
                  Knowledge Discovery and Data Mining Conference (KDD)",
  year =	 2005,
  assigned =	 "Vasily",
  score1 =	 2,
  score2 =	 3,
}

@inproceedings{2005-tiered_approach_for_eliminating_redundancy-fast,
  title =	 "{TAPER: Tiered Approach for Eliminating Redundancy in
                  Replica Synchronization}",
  author =	 "N. Jain and M. Dahlin and R. Tewari",
  booktitle =	 "Proceedings of the FAST Conference",
  year =	 2005,
  assigned =	 "Philip",
  reviewed =	 "yes",
  score1 =	 1,
  score2 =	 2,
}

@techreport{2005-collision_preimage_resistance_of_content_address-tr,
  title =	 "{Collision and Preimage Resistance of the Centera Content
                  Address}",
  author =	 "R. Primmer and C. Halluin",
  institution =	 "EMC Corporation",
  year =	 2005,
  reflooked =	 "yes",
  score1 =	 5,
  score2 =	 5,
}

@inproceedings{2005-deep_store_arhival_storage_system-icde,
  title =	 "{Deep Store: An Archival Storage System Architecture}",
  author =	 "L. You and K. Pollack and D. Long",
  booktitle =	 "Proceedings of the International Conference on Data
                  Engineering (ICDE)",
  year =	 2005,
  assigned =	 "Vasily",
  reviewed =	 "yes",
  score1 =	 1,
  score2 =	 2,
}

@inproceedings{2006-high_reliability_minimum_redund-mascots,
  title =	 "{Providing High Reliability in a Minimum Redundancy
                  Archival Storage System}",
  author =	 "D. Bhagwat and K. Pollack and D. Long and T. Schwarz and
                  E. Miller and J. Paris",
  booktitle =	 "Proceedings of the MASCOTS Conference",
  year =	 2006,
  score1 =	 2,
  score2 =	 3,
}

@inproceedings{2006-compare_by_hash_reasoned_analysis-atc,
  title =	 "{Compare-by-Hash: A Reasoned Analysis}",
  author =	 "J. Black",
  booktitle =	 "Proceedings of the ATC Conference",
  year =	 2006,
  score1 =	 1,
  score2 =	 4,
}

@article{2006-improving_duplicate_elimination_in_storage-tos,
  title =	 "{Improving Duplicate Elimination in Storage Systems}",
  author =	 "D. Bobbarjung and S. Jagannathan and C. Dubnicki",
  journal =	 "ACM Transactions on Storage",
  year =	 2006,
  month =	 "November",
  volume =	 2,
  number =	 4,
  assigned =	 "Vasily",
  score1 =	 1,
  score2 =	 2,
}

@techreport{2006-windows_storage_server_2003r2-tr,
  title =	 "{Microsoft Windows Storage Server 2003 R2}",
  author =	 "Microsoft Corporation",
  institution =	 "Microsoft Corporation",
  year =	 2006,
  score1 =	 5,
  score2 =	 5,
}

@techreport{2006-sis_in_windows_storage_server_2003r2-tr,
  title =	 "{Single Instance Storage in Microsoft Windows Storage
                  Server 2003 R2. A Solution for Managing Duplicate Files}",
  author =	 "Microsoft Corporation",
  institution =	 "Microsoft Corporation",
  year =	 2006,
  score1 =	 5,
  score2 =	 5,
}

@inproceedings{2006-tradeoffs_cas_enterprise_scale_vms-atc,
  title =	 "{Design Tradeoffs in Applying Content Addressable Storage
                  to Enterprise-scale Systems Based on Virtual Machines}",
  author =	 "P. Nath and M. Kozuch and D. O'Hallaron and J. Harkes and
                  M. Satyanarayanan and N. Tolia and M. Toups",
  booktitle =	 "Proceedings of the ATC Conference",
  year =	 2006,
  score1 =	 3,
  score2 =	 3,
  assigned =	 "Sonam",
}

@techreport{2007-esg_d2d_backup_systems-tr,
  title =	 "{Data De-duplication and Disk-to-Disk Backup Systems:
                  Technical and Business Considerations}",
  author =	 "T. Asaro and H. Biggar",
  number =	 "ESG",
  institution =	 "Enterprise Strategy Group",
  year =	 2007,
  score1 =	 5,
  score2 =	 5,
}

@inproceedings{2007-fuzzy_file_block_matching-atc,
  title =	 "{Implementation and Performance Evaluation of Fuzzy File
                  Block Matching}",
  author =	 "B. Han and P. Keleher",
  booktitle =	 "Proceedings of the ATC Conference",
  year =	 2007,
  score1 =	 3,
  score2 =	 3,
}

@inproceedings{2007-support_practical_content_addr_cache_with_czip-atc,
  title =	 "{Supporting Practical Content-Addressable Caching with
                  CZIP Compression}",
  author =	 "K. Park and S. Ihm and M. Bowman and V. Pai",
  booktitle =	 "Proceedings of the ATC Conference",
  year =	 2007,
  score1 =	 3,
  score2 =	 4,
}

@inproceedings{2007-exploring_patterns_of_social_common_file_directories-sigchi,
  title =	 "{Exploring Patterns of Social Commonality Among File
                  Directories at Work}",
  author =	 "J. Tang and C. Drews and M. Smith and F. Wu and A. Sue and
                  T. Lau",
  booktitle =	 "Proceedings of the SIGCHI Conference on Human Factors in
                  Computing Systems",
  year =	 2007,
  score1 =	 5,
  score2 =	 4,
}

@techreport{2008-data_domain_sisl_scaling_arch-tr,
  title =	 "{Data Domain SISL Scaling Architecture}",
  author =	 "",
  number =	 "WP-SISL-0508",
  institution =	 "Data Domain",
  year =	 2008,
  score1 =	 4,
  score2 =	 4,
}

@techreport{2008-netapp_dedup_for_fas_deployment_and_implement-tr,
  title =	 "{NetApp Deduplication for FAS.  Deployment and
                  Implementation, 4th Revision}",
  author =	 "",
  number =	 "TR-3505",
  institution =	 "NetApp",
  year =	 2008,
  score1 =	 4,
  score2 =	 4,
}

@techreport{2008-snia_understanding_data_dedup_ratios-tr,
  title =	 "{Understanding data deduplication ratios}",
  author =	 "M. Dutch",
  institution =	 "SNIA Data Management Forum",
  year =	 2008,
  reflooked =	 "yes",
  score1 =	 2,
  score2 =	 3,
  assigned =	 "Philip",
  reviewed =	 "short",
}

@inproceedings{2008-experiences_cas_and_virtual_disks-wiov,
  title =	 "{Experiences with Content Addressable Storage and Virtual
                  Disks}",
  author =	 "A. Liguori and E. Hensbergen",
  booktitle =	 "Proceedings of the Workshop on I/O Virtualization (WIOV)",
  year =	 2008,
  assigned =	 "Philip",
  reviewed =	 "yes",
  score1 =	 3,
  score2 =	 2,
}

@inproceedings{2008-admad_appl_meta_aware_dedup-snapi,
  title =	 "{ADMAD: Application-Driven Metadata Aware De-duplication
                  Archival Storage System}",
  author =	 "C. Liu and Y. Lu and C. Shi and G. Lu and D. Du and
                  D.-S. Wang",
  booktitle =	 "Proceedings of the International Workshop on Storage
                  Network Architecture and Parallel I/Os (SNAPI)",
  year =	 2008,
  assigned =	 "Vasily",
  reviewed =	 "yes",
  score1 =	 3,
  score2 =	 2,
}

@inproceedings{2008-demystifying_data_dedup-middleware,
  title =	 "{Demystifying Data Deduplication}",
  author =	 "N. Mandagere and P. Zhou and M. Smith and
                  S. Uttamchandani",
  booktitle =	 "Proceedings of ACM/IFIP/USENIX International Middleware
                  Conference",
  year =	 2008,
  reflooked =	 "yes",
  assigned =	 "Vasily",
  score1 =	 3,
  score2 =	 3,
}

@inproceedings{2008-fast_inexpensive_content_addresable_storage-atc,
  title =	 "{Fast, Inexpensive Content-Addressed Storage in
                  Foundation}",
  author =	 "S. Rhea and R. Cox and A. Pesterev",
  booktitle =	 "Proceedings of the ATC Conference",
  year =	 2008,
  assigned =	 "Philip",
  score1 =	 1,
  score2 =	 1,
  reviewed =	 "yes",
}

@inproceedings{2008-applications_of_large_window_compression_to_vm-lisa,
  title =	 "{IZO: Applications of Large-Window Compression to Virtual
                  Machine Management}",
  author =	 "M. Smith and J. Pieper and D. Gruhl and L. Real",
  booktitle =	 "Proceedings of USENIX Large Installation System
                  Adminitrsration Conference",
  year =	 2008,
  reflooked =	 "yes",
  assigned =	 "Vasily",
  score1 =	 4,
  score2 =	 1,
}

@inproceedings{2008-secure_data_dedup-storagess,
  title =	 "{Secure Data Deduplication}",
  author =	 "M. Storer and K. Greenan and D. Long and E. Miller",
  booktitle =	 "Proceedings of ACM Workshop on Storage security and
                  Survivability (StorageSS)",
  year =	 2008,
  assigned =	 "Philip",
  reviewed =	 "yes",
  score1 =	 1,
  score2 =	 2,
}

@inproceedings{2008-avoid_disk_bottleneck_data_domain_dedupfs-fast,
  title =	 "{Avoiding the Disk Bottleneck in the Data Domain
                  Deduplication File System}",
  author =	 "B. Zhu and K. Li and H. Patterson",
  booktitle =	 "Proceedings of the FAST Conference",
  year =	 2008,
  reflooked =	 "yes",
  assigned =	 "Vasily",
  score1 =	 1,
  score2 =	 1,
}

@techreport{2009-ocarina_content_aware_dedup-tr,
  title =	 "{Achieving Storage Efficiency. How Ocarina ECOsystem
                  Content-Aware Dedupe and Compression Can Return Storage
                  Space to You at Every Stage of the Information Life
                  Cycle}",
  author =	 "",
  number =	 "White Paper 090209",
  institution =	 "OcarinaNetworks",
  note =
                  "http://www.ocarinanetworks.com/images/resources/ecosystem\_tech\_wp\_090209-web.pdf",
  year =	 2009,
  score1 =	 4,
  score2 =	 4,
}

@techreport{2009-identify_hidden_dedup_risk_hydrastor_solves_problems-tr,
  title =	 "{Identifying the Hidden Risk of Data Deduplication: How
                  the HYDRAstorTM Solution Proactively Solves the Problem}",
  author =	 "",
  number =	 "WP103-3\_0709",
  institution =	 "NEC Corporation of America",
  year =	 2009,
  assigned =	 "Vasily",
  score1 =	 4,
  score2 =	 4,
}

@inproceedings{2009-similarity_based_dedup_system-systor,
  title =	 "{The Design of Similarity Based Deduplication System}",
  author =	 "L. Aronovich and R. Asher and E. Bachmat and H. Bitner and
                  M. Hirsch and S. Klein",
  booktitle =	 "Proceedings of the SYSTOR Conference",
  year =	 2009,
  assigned =	 "Philip",
  reviewed =	 "yes",
  score1 =	 2,
  score2 =	 2,
}

@inproceedings{2009-extreme_binning_scalable_dedup_for_backup-mascots,
  title =	 "{Extreme Binning: Scalable, Parallel Deduplication for
                  Chunk-based File Backup}",
  author =	 "D. Bhagwat and K. Eshghi and D. Long and M. Lillibridge",
  booktitle =	 "Proceedings of the MASCOTS Conference",
  year =	 2009,
  assigned =	 "Philip",
  reviewed =	 "yes",
  score1 =	 1,
  score2 =	 1,
}

@inproceedings{2009-decentralized_dedup_in_san_cluster_fs-atc,
  title =	 "{Decentralized Deduplication in SAN Cluster File Systems}",
  author =	 "A. Clements and I. Ahmad and M. Vilayannur and J. Li",
  booktitle =	 "Proceedings of the ATC Conference",
  year =	 2009,
  assigned =	 "Philip",
  reviewed =	 "yes",
  score1 =	 1,
  score2 =	 1,
}

@inproceedings{2009-hydrastor-fast,
  title =	 "{HYDRAstor: a Scalable Secondary Storage}",
  author =	 "C. Dubnicki and L. Gryz and L. Heldt and M. Kaczmarczyk
                  and W. Kilian and P. Strzelczak and J. Szczepkowski and
                  C. Ungureanu and M. Welnicki",
  booktitle =	 "Proceedings of the FAST Conference",
  year =	 2009,
  assigned =	 "Vasily",
  score1 =	 1,
  score2 =	 1,
}

@inproceedings{2009-dedup_effectiveness_on_vm_disk_images-systor,
  title =	 "{The Effectiveness of Deduplication on Virtual Machine
                  Disk Images}",
  author =	 "K. Jin and E. Miller",
  booktitle =	 "Proceedings of the SYSTOR Conference",
  year =	 2009,
  assigned =	 "Vasily",
  score1 =	 2,
  score2 =	 2,
}

@article{2009-dup_near_dup_doc_detection_review-ejsr,
  title =	 "{Duplicate and Near Duplicate Documents Detection: A
                  Review}",
  author =	 "J. Kumar and P. Govindarajulu",
  journal =	 "European Journal of Scientific Research",
  year =	 2009,
  month =	 "June",
  volume =	 32,
  number =	 4,
  score1 =	 4,
  score2 =	 4,
}

@inproceedings{2009-gpu_hash_accelerator_for_dedup-pdcs,
  title =	 "{A Highly Parallel GPU-based Hash Accelerator for a Data
                  Deduplication System}",
  author =	 "X. Li and D. Lilja",
  booktitle =	 "Proceedings of the IASTED International Conference on
                  Parallel and Distributed Computing and Systems (PDCS)",
  year =	 2009,
}

@inproceedings{2009-sparse_indexing_inline_dedup_using_sampling-fast,
  title =	 "{Sparse Indexing: Large Scale, Inline Deduplication Using
                  Sampling and Locality}",
  author =	 "M. Lillibridge and K. Eshghi and D. Bhagwat and
                  V. Deolalikar and G. Trezise and P. Camble",
  booktitle =	 "Proceedings of the FAST Conference",
  year =	 2009,
  assigned =	 "Philip",
  reviewed =	 "yes",
  score1 =	 1,
  score2 =	 1,
}

@inproceedings{2009-novel_method_to_improve_dedup_performance-icpads,
  title =	 "{A Novel Optimization Method to Improve De-duplication
                  Storage System Performance}",
  author =	 "C. Liu and Y. Xue and D. Ju and D. Wang",
  booktitle =	 "Proceedings of the International Conference on Parallel
                  and Distributed Systems (ICPADS)",
  year =	 2009,
  score1 =	 2,
  score2 =	 3,
  assigned =	 "Karthi",
}

@inproceedings{2009-compare_dedup_in_backup_scenario-systor,
  title =	 "{Multi-Level Comparison of Data Deduplication in a Backup
                  Scenario}",
  author =	 "D. Meister and A. Brinkmann",
  booktitle =	 "Proceedings of the SYSTOR Conference",
  year =	 2009,
  assigned =	 "Vasily",
  score1 =	 2,
  score2 =	 2,
  assigned =	 "Philip",
  reviewed =	 "yes",
}

@inproceedings{2009-lbcase-ols,
  title =	 "{Effect of Readahead and File System Block Reallocation
                  for LBCAS}",
  author =	 "K. Suzaki and T. Yagi and K. Iijma and N. Quynh",
  booktitle =	 "Proceedings of the Ottawa Linux Symposium (OLS)",
  year =	 2009,
  assigned =	 "Vasily",
  score1 =	 3,
  score2 =	 3,
}

@inproceedings{2010-freq_based_chunking_for_dedup-mascots,
  title =	 "{Frequency Based Chunking for Data De-Duplication}",
  author =	 "G. Lu and Y. Jin and D. H. C. Du",
  booktitle =	 "Proceedings of the MASCOTS Conference",
  year =	 2010,
  score1 =	 4,
  score2 =	 3,
}

@techreport{2010-data_domain_sisl_scaling_arch-tr,
  title =	 "{EMC Data Domain SISL Scaling Architecture}",
  author =	 "EMC Corporation",
  number =	 "h7221.1",
  institution =	 "EMC Corporation",
  year =	 2010,
  score1 =	 5,
  score2 =	 4,
}

@techreport{2010-windows_storage_server_2008_arch_and_deploy-tr,
  title =	 "{Windows Storage Server 2008 Architecture and Deployment
                  White Paper. Version 1.0}",
  author =	 "Microsoft Corporation",
  institution =	 "Microsoft Corporation",
  year =	 2010,
  score1 =	 5,
  score2 =	 4,
}

@inproceedings{2010-chunkstash_speed_up_dedup_flash_mem-atc,
  title =	 "{ChunkStash: Speeding up Inline Storage Deduplication
                  using Flash Memory}",
  author =	 "B. Debnath and S. Sengupta and J. Li",
  booktitle =	 "Proceedings of the ATC Conference",
  year =	 2010,
  assigned =	 "Vasily",
  score1 =	 1,
  score2 =	 1,
}

@inproceedings{2010-rethink_dedup_scalability-hotstorage,
  title =	 "{Rethinking Deduplication Scalability}",
  author =	 "P. Efstathopoulos and F. Guo",
  booktitle =	 "Proceedings of the Workshop on Hot Topics in Storage and
                  File Systems (HotStorage)",
  year =	 2010,
  assigned =	 "Philip",
  reviewed =	 "yes",
  score1 =	 1,
  score2 =	 2,
}

@inproceedings{2010-utilizing_content_similarity_to_improve_io-fast,
  title =	 "{I/O Deduplication: Utilizing Content Similarity to
                  Improve I/O Performance}",
  author =	 "R. Koller and R. Rangaswami",
  booktitle =	 "Proceedings of the FAST Conference",
  year =	 2010,
  score1 =	 6,
  score2 =	 6,
  assigned =	 "Philip",
  reviewed =	 "short",
}

@article{2010-utilizing_content_similarity_to_improve_io-tos,
  title =	 "{I/O Deduplication: Utilizing Content Similarity to
                  Improve I/O Performance}",
  author =	 "R. Koller and R. Rangaswami",
  journal =	 "ACM Transactions on Storage",
  year =	 2010,
  month =	 "September",
  volume =	 6,
  number =	 4,
  score1 =	 6,
  score2 =	 6,
  assigned =	 "Philip",
  reviewed =	 "short",
}

@inproceedings{2010-bimodal_content_define_chunking_for_backup-fast,
  title =	 "{Bimodal Content Defined Chunking for Backup Streams}",
  author =	 "C. Kruus and E. Ungureanu and C. Dubnicki",
  booktitle =	 "Proceedings of the FAST Conference",
  year =	 2010,
  assigned =	 "Philip",
  score1 =	 1,
  score2 =	 1,
  reviewed =	 "yes",
}

@inproceedings{2010-fast_dedup_low_energy_coprocessor-nas,
  title =	 "{Towards Fast De-duplication Using Low Energy
                  Coprocessor}",
  author =	 "L. Ma and C. Zhen and B. Zhao and J. Ma and G. Wang and
                  X. Liu",
  booktitle =	 "Proceedings of the NAS Conference",
  year =	 2010,
}

@inproceedings{2010-dedupv1_ssd-msst,
  title =	 "{dedupv1: Improving Deduplication Throughput using Solid
                  State Drives (SSD)}",
  author =	 "D. Meister and A. Brinkmann",
  booktitle =	 "Proceedings of the MSST Conference",
  year =	 2010,
  score1 =	 2,
  score2 =	 1,
  assigned =	 "Karthi",
  reviewed =	 "yes",
}

@techreport{2010-dedupv1_ssd-tr,
  title =	 "{dedupv1: Improving Deduplication Throughput using Solid
                  State Drives (SSD)}",
  author =	 "D. Meister and A. Brinkmann",
  institution =	 "University Paderborn---Paderborn Center for Parallel
                  Computing",
  year =	 2010,
}

@inproceedings{2010-charact_datasets_for_dedup_in_backup_apps-iiswc,
  title =	 "{Characterizing Datasets for Data Deduplication in Backup
                  Applications}",
  author =	 "N. Park and D. Lilja",
  booktitle =	 "Proceedings of the IEEE International Symposium on
                  Workload Characterization (IISWC)",
  year =	 2010,
  reflooked =	 "yes",
  assigned =	 "Vasily",
  reviewed =	 "yes",
  score1 =	 1,
  score2 =	 2,
}

@inproceedings{2010-semantic_aware_multi_tiered_source_dedup_for_cloud-icpp,
  title =	 "{SAM: A Semantic-Aware Multi-Tiered Source De-duplication
                  Framework for Cloud Backup}",
  author =	 "Y. Tan and H. Jiang and D. Feng and Z. Yan and G.  Zhou",
  booktitle =	 "Proceedings of Interntational Conference on Parallel
                  Processing",
  year =	 2010,
  assigned =	 "Philip",
  reviewed =	 "yes",
  score1 =	 1,
  score2 =	 1,
}

@inproceedings{2010-hydrafs-fast,
  title =	 "{HydraFS: a High-Throughput File System for the HYDRAstor
                  Content-Addressable Storage System}",
  author =	 "C. Ungureanu and B. Atkin and A. Aranya and S. Gokhale and
                  S. Rago and G. Calkowski and C. Dubnicki and A. Bohra",
  booktitle =	 "Proceedings of the FAST Conference",
  year =	 2010,
  assigned =	 "Vasily",
  score1 =	 1,
  score2 =	 1,
}

@inproceedings{2010-mad2_high_thrpt_for_network_backup_systems-msst,
  title =	 "{MAD2: A Scalable High-Throughput Exact Deduplication
                  Approach for Network Backup Services}",
  author =	 "J. Wei and H. Jiang and K. Zhou and D. Feng",
  booktitle =	 "Proceedings of the MSST Conference",
  year =	 2010,
  assigned =	 "Karthi",
  score1 =	 1,
  score2 =	 1,
  reviewed =	 "yes",
}

@techreport{2010-hp_storeonce-tr,
  title =	 "{HP StoreOnce Deduplication Software}",
  author =	 "L. Whitehouse",
  number =	 "White Paper 4AA2-1223ENW",
  institution =	 "The Enterprise Strategy Group",
  note =	 "http://h18006.www1.hp.com/storage/pdfs/hpstoreonce.pdf",
  year =	 2010,
  score1 =	 5,
  score2 =	 5,
}

@inproceedings{2010-debar-ipdps,
  title =	 "{DEBAR: A Scalable High-Performance De-duplication Storage
			System for Backup and Archiving}",
  author =	 "T. Yang and H. Jiang and D. Feng and Z. Niu
			and K. Zhou and and Y. Wan",
  booktitle =	 "Proceedings of the IEEE International Parallel
			\& Distributed Processing Symposium (IPDPS)",
  year =	 2010,
}

@techreport{2011-netapp_dedup_for_fas_guide-tr,
  title =	 "{NetApp Deduplication for FAS and V-Series Deployment and
                  Implementation Guide}",
  author =	 "C. Alvarez",
  number =	 "TR-3505 Version 8",
  institution =	 "NetApp",
  year =	 2011,
  score1 =	 5,
  score2 =	 4,
}

@misc{2011-netapp-web,
  title =	 "{Deduplicating Backup Data Streams with the Netapp VTL}",
  author =	 "K. Brown",
  year =	 2011,
  note =
                  "http://www.netapp.com/us/communities/tech-ontap/vtl-dedupe.html",
  key =		 "Netapp",
  score1 =	 5,
  score2 =	 4,
}

@inproceedings{2011-capacity_forecasting_backup-lisa,
  title =	 "{Capacity Forecasting in a Backup Storage Environment}",
  author =	 "M. Chamness",
  booktitle =	 "Proceedings of USENIX Large Installation System
                  Adminitrsration Conference",
  year =	 2011,
  assigned =	 "Vasily",
  score1 =	 4,
  score2 =	 3,
}

@inproceedings{2011-content_aware_ftl_lifespan-fast,
  title =	 "{CAFTL: A Content-Aware Flash Translation Layer Enhancing
                  the Lifespan of Flash Memory based Solid State Drives}",
  author =	 "F. Chen and T. Luo and X. Zhang",
  booktitle =	 "Proceedings of the FAST Conference",
  year =	 2011,
  assigned =	 "Karthi",
  score1 =	 2,
  score2 =	 2,
  reviewed =	 "yes",
}

@inproceedings{2011-mixing_dedup_compression_active_datasets-dcc,
  title =	 "{Mixing Deduplication and Compression on Active Data
                  Sets}",
  author =	 "C. Constantinescu and J. Glider and D. Chambliss",
  booktitle =	 "Proceedings of the Data Compression Conference",
  year =	 2011,
  assigned =	 "Vasily",
  score1 =	 2,
  score2 =	 2,
}

@inproceedings{2011-tradeoffs_in_scalable_data_routing_for_dedup_clusters-fast,
  title =	 "{Tradeoffs in Scalable Data Routing for Deduplication
                  Clusters}",
  author =	 "W. Dong and F. Douglis and K. Li and H. Patterson and
                  S. Reddy and P. Shilane",
  booktitle =	 "Proceedings of the FAST Conference",
  year =	 2011,
  assigned =	 "Philip",
  reviewed =	 "yes",
  score1 =	 1,
  score2 =	 1,
}

@inproceedings{2011-content_aware_load_balancing_dist_backup-lisa,
  title =	 "{Content-aware Load Balancing for Distributed Backup}",
  author =	 "F. Douglis and D. Bhardwaj and H. Qian and P. Shilane",
  booktitle =	 "Proceedings of USENIX Large Installation System
                  Administration Conference",
  year =	 2011,
  assigned =	 "Philip",
  reviewed =	 "yes",
  score1 =	 3,
  score2 =	 2,
}

@inproceedings{2011-building_high_perf_dedup_systems-atc,
  title =	 "{Building a High-performance Deduplication System}",
  author =	 "F. Guo and P. Efstathopoulos",
  booktitle =	 "Proceedings of the ATC Conference",
  year =	 2011,
  assigned =	 "Philip",
  reviewed =	 "yes",
  score1 =	 1,
  score2 =	 1,
}

@techreport{2011-online_dedup_log_structured_fs-tr,
  title =	 "{Online De-duplication in a Log-Structured File System for
                  Primary Storage}",
  author =	 "S. Jones",
  number =	 "UCSC-SSRC-11-03",
  institution =	 "University of California, Santa Cruz",
  year =	 2011,
  score1 =	 2,
  score2 =	 2,
  assigned =	 "Karthi",
}

@inproceedings{2011-video_dedup-hotstorage,
  title =	 "{ViDeDup: An Application-Aware Framework for Video
                  De-duplication}",
  author =	 "A. Katiyar and J.  Weissman",
  booktitle =	 "Proceedings of the Workshop on Hot Topics in Storage and
                  File Systems (HotStorage)",
  year =	 2011,
  reflooked =	 "yes",
  assigned =	 "Vasily",
  score1 =	 4,
  score2 =	 3,
}

@inproceedings{2011-practical_dedup_study-fast,
  title =	 "{A Study of Practical Deduplication}",
  author =	 "D. Meyer and W. Bolosky",
  booktitle =	 "Proceedings of the FAST Conference",
  year =	 2011,
  reflooked =	 "yes",
  assigned =	 "Vasily",
  reviewed =	 "yes",
  score1 =	 3,
  score2 =	 1,
}

@inproceedings{2011-hypervisor_support_memory_dedup-icpads,
  title =	 "{Hypervisor Support for Efficient Memory De-duplication}",
  author =	 "Y. Pan and J. Chiang and H. Li and P. Tsao and M. Lin and
                  T. Chiueh",
  booktitle =	 "Proceedings of the International Conference on Parallel
                  and Distributed Systems (ICPADS)",
  year =	 2011,
  score1 =	 3,
  score2 =	 4,
}

@inproceedings{2011-anchor_driven_subchunking_dedup-systor,
  title =	 "{Anchor-driven subchunk deduplication}",
  author =	 "B. Romanski and L. Heldt and W. Kilian and K. Lichota and
                  C. Dubnicki",
  booktitle =	 "Proceedings of the SYSTOR Conference",
  year =	 2011,
  score1 =	 2,
  score2 =	 2,
  assigned =	 "Karthi",
}

@inproceedings{2011-disk_acess_patterns_on_fs_for_cas-ols,
  title =	 "{Analysis of Disk Access Patterns on File Systems for
                  Content Addressable Storage}",
  author =	 "K. Suzaki and K. Iijima and T. Yagi and C. Artho",
  booktitle =	 "Proceedings of the Ottawa Linux Symposium (OLS)",
  year =	 2011,
  assigned =	 "Vasily",
  score1 =	 3,
  score2 =	 3,
}

@inproceedings{2011-casuality_dedup_performance_booster-ipdps,
  title =	 "{CABdedup: A Causality-based De-duplication Performance
			Booster for Cloud Backup Services}",
  author =	 "Y. Tan and H. Jiang and D. Feng and L. Tian
			and Z. Yan and G. Zhou",
  booktitle =	 "Proceedings of the IEEE International Parallel
			\& Distributed Processing Symposium (IPDPS)",
  year =	 2011,
}

@inproceedings{2011-dblk_dedup_primary_block_storage-msst,
  title =	 "{DBLK: Deduplication for Primary Block Storage}",
  author =	 "Y. Tsuchiya and T. Watanabe",
  booktitle =	 "Proceedings of the MSST Conference",
  year =	 2011,
  assigned =	 "Vasily",
  reviewed =	 "yes",
  score1 =	 3,
  score2 =	 3,
}

@inproceedings{2011-detecting_duplicates_slide_window_bloom_filter_array-nas,
  title =	 "{Detecting Duplicates over Sliding Windows with
                  RAM-Efficient Detached Counting Bloom Filter Arrays}",
  author =	 "J. Wei and H. Jiang and K. Zhou and D. Feng and H. Wang",
  booktitle =	 "Proceedings of the NAS Conference",
  year =	 2011,
  assigned =	 "Philip",
  reviewed =	 "yes",
  score1 =	 2,
  score2 =	 3,
}

@inproceedings{2011-silo_near_exact_dedup_scheme-atc,
  title =	 "{SiLo: A Similarity-Locality based Near-Exact
                  Deduplication Scheme with Low RAM Overhead and High
                  Throughput}",
  author =	 "W. Xia and H. Jiang and D. Feng and Y. Hua",
  booktitle =	 "Proceedings of the ATC Conference",
  year =	 2011,
  assigned =	 "Philip",
  score1 =	 1,
  score2 =	 1,
  reviewed =	 "yes",
  comments = 	 "has a journal version"
}

@misc{2011-leakage_resilient_dedup_of_encrypted_data-cryptoeprint,
  title =	 "{Leakage-Resilient Client-side Deduplication of Encrypted
                  Data in Cloud Storage}",
  author =	 {J. Xu and E. Chang and J. Zhou},
  note =	 "Cryptology ePrint Archive",
  year =	 2011,
  score1 =	 3,
  score2 =	 4,
}

@inproceedings{2011-shhc_hash_cluster_cloud_backup-icdcsw,
  title =	 "{SHHC: A Scalable Hybrid Hash Cluster for Cloud Backup
                  Services in Data Centers}",
  author =	 "L. Xu and J. Hu and S. Mkandawire and H. Jiang",
  booktitle =	 "Proceedings of International Conference on Distributed
                  Computing Systems Workshops (ICDCSW)",
  year =	 2011,
  score1 =	 4,
  score2 =	 4,
}

@inproceedings{2012-similarity_based_dedup_small_chunks-psc,
  title =	 "{Similarity Based Deduplication with Small Data Chunks}",
  author =	 "L. Aronovich and R. Asher and D. Harnik and M. Hirsch and
                  S. Klein and Y. Toaff",
  booktitle =	 "Proceedings of the Prague Stringology Conference (PSC)",
  year =	 2012,
  assigned =	 "Philip",
  score1 =	 3,
  score2 =	 4,
}

@inproceedings{2012-empirical_study_mem_sharing_vm-atc,
  title =	 "{An Empirical Study of Memory Sharing in Virtual
                  Machines}",
  author =	 "S. Barker and T. Wood and P. Shenoy and R. Sitaraman",
  booktitle =	 "Proceedings of the ATC Conference",
  year =	 2012,
  assigned =	 "Vasily",
  score1 =	 4,
  score2 =	 4,
}

@techreport{2012-dedup_20_hp_storeonce-tr,
  title =	 "{Dedupe 2.0: What HP Has In Store(Once)}",
  author =	 "J. Buffington",
  number =	 "White Paper 4AA4-1782ENW",
  institution =	 "The Enterprise Strategy Group",
  note =	 "http://h18006.www1.hp.com/storage/pdfs/4AA4-1782ENW.pdf",
  year =	 2012,
  score2 =	 5,
  score2 =	 5,
}

@techreport{2012-feasibility_inline_fs_dedup_wo_caches-tr,
  title =	 "{Evaluating the Feasibility of Inline FS Deduplication
                  without Main Memory Caches}",
  author =	 "C. Burkert",
  number =	 "Studienarbeit",
  institution =	 "Karlsruher Institut fur Technologie",
  year =	 2012,
  score1 =	 4,
  score2 =	 4,
}

@techreport{2012-windows_server_2012_storage-tr,
  title =	 "{Windows Server 2012: Storage}",
  author =	 "Microsoft Corporation",
  institution =	 "Microsoft Corporation",
  year =	 2012,
  score1 =	 5,
  score2 =	 5,
}

@inproceedings{2012-file_routing_middleware_for_cloud_dedup-cloudcp,
  title =	 "{File routing middleware for cloud deduplication}",
  author =	 "P. Efstathopoulos",
  booktitle =	 "Proceedings of the International Workshop on Cloud
                  Computing Platforms (CloudCP)",
  year =	 2012,
  score1 =	 3,
  score2 =	 4,
}

@inproceedings{2012-primary_data_dedup_large_scale-atc,
  title =	 "{Primary Data Deduplication---Large Scale Study and System
                  Design}",
  author =	 "A. El-Shimi and R. Kalach and A. Kumar and A. Oltean and
                  J. Li and S. Sengupta",
  booktitle =	 "Proceedings of the ATC Conference",
  year =	 2012,
  assigned =	 "Vasily",
  score1 =	 1,
  score2 =	 1,
}

@inproceedings{2012-probabil_dedup_cluster_storage-socc,
  title =	 "{Probabilistic Deduplication for Cluster-Based Storage
                  Systems}",
  author =	 "D. Frey and A. Kermarrec and K. Kloudas",
  booktitle =	 "Proceedings of the Symposium on Cloud Computing (SOCC)",
  year =	 2012,
  score2 =	 2,
}

@inproceedings{2012-dedup_ratios_estimate_large_ds-msst,
  title =	 "{Estimation of Deduplication Ratios in Large Data Sets}",
  author =	 "D. Harnik and O. Margalit and D. Naor and D. Sotnikov and
                  G. Vernik",
  booktitle =	 "Proceedings of the MSST Conference",
  year =	 2012,
  assigned =	 "Vasily",
  score1 =	 3,
  score2 =	 2,
}

@inproceedings{2012-dedup_data_archive_system-icivc,
  title =	 "{A Deduplication-based Data Archiving System}",
  author =	 "M. Jianting",
  booktitle =	 "Proceedings of the International Conference on Image,
                  Vision and Computing (ICIVC)",
  year =	 2012,
  assigned =	 "Karthi",
  score1 =	 3,
  score2 =	 4,
  reviewed =	 "yes",
}

@inproceedings{2012-reducing_impact_data_fragment_dedup-systor,
  title =	 "{Reducing Impact of Data Fragmentation Caused By In-Line
                  Deduplication}",
  author =	 "M. Kaczmarczyk and M. Barczynski and W. Kilian and
                  C. Dubnicki",
  booktitle =	 "Proceedings of the SYSTOR Conference",
  year =	 2012,
  score1 =	 1,
  score2 =	 2,
  assigned =	 "Philip",
}

@inproceedings{2012-exact_data_dedup_cluster-msst,
  title =	 "{Design of an Exact Data Deduplication Cluster}",
  author =	 "J. Kaiser and D. Meister and A. Brinkmann and S. Effert",
  booktitle =	 "Proceedings of the MSST Conference",
  year =	 2012,
  assigned =	 "Philip",
  score1 =	 2,
  score2 =	 2,
  reviewed =	 "yes",
}

@inproceedings{2012-dedup_in_ssd_quantative_analysis-msst,
  title =	 "{Deduplication in SSDs: Model and Quantitative Analysis}",
  author =	 "J. Kim and S. Lee and I. Son and J. Choi and C. Lee and
                  S. Yoon and H. Lee and S. Kang and Y. Won and J. Chaty",
  booktitle =	 "Proceedings of the MSST Conference",
  year =	 2012,
  assigned =	 "Philip",
  score1 =	 2,
  score2 =	 2,
  reviewed =	 "yes"
}

@inproceedings{2012-bloomstore_dedup_flash-msst,
  title =	 "{BloomStore: Bloom-Filter based Memory-Efficient Key-Value
                  Store for Indexing of Data Deduplication on Flash}",
  author =	 "G. Lu and D. Du and Y. Nam",
  booktitle =	 "Proceedings of the MSST Conference",
  year =	 2012,
  score1 =	 2,
  score2 =	 2,
  assigned =	 "Philip",
}

@inproceedings{2012-data_reduction_in_primary_storage-systor,
  title =	 "{Insights for Data Reduction in Primary Storage: A
                  Practical Analysis}",
  author =	 "M. Lu and D. Chambliss and J. Glider and
                  C. Constantinescu",
  booktitle =	 "Proceedings of the SYSTOR Conference",
  year =	 2012,
  score1 =	 2,
  score2 =	 2,
  assigned =	 "Philip",
}

@inproceedings{2012-adaptive_dedup_pipeline-msst,
  title =	 "{Adaptive Pipeline for Deduplication}",
  author =	 "J. Ma and B. Zhao and G. Wang and X. Liu",
  booktitle =	 "Proceedings of the MSST Conference",
  year =	 2012,
  score1 =	 2,
  score2 =	 2,
  assigned =	 "Philip",
}

@inproceedings{2012-hpc_practical_dedup_study-sc,
  title =	 "{A study on data deduplication in HPC storage systems}",
  author =	 "D. Meister and J. Kaiser and A. Brinkmann and T. Cortes
                  and M. Kuhn and J. Kunkel",
  booktitle =	 "Proceedings of the International Conference on High
                  Performance Computing, Networking, Storage and Analysis
                  (SC)",
  year =	 2012,
  assigned =	 "Sonam",
  score1 =	 3,
  score2 =	 1,
}

@phdthesis{2012-backup_restore_dedup_improve_cloud-phd,
  title =	 "{Improving Backup and Restore Performance for
                  Deduplication-based Cloud Backup Services}",
  author =	 "S. Mkandawire",
  school =	 "University of Nebraska---Lincoln",
  year =	 2012,
  assigned =	 "Sonam",
  score1 =	 2,
  score2 =	 3,
}

@inproceedings{2012-green_storage_mobile_using_dedup-iccct,
  title =	 "{Green Data Storage Strategy in Mobile Computing System
                  Using Deduplication Technique}",
  author =	 "S. K. Mondal and D. De",
  booktitle =	 "Proceedings of the International Conference on Computer
                  and Communication Technology (ICCCT)",
  year =	 2012,
  score1 =	 4,
  score2 =	 3,
}

@inproceedings{2012-data_dedup_dynamic_chunking_algo-iccci,
  title =	 "{Data Deduplication using Dynamic Chunking Algorithm}",
  author =	 "Y. Moon and H. Jung and C. Yoo and Y. Ko",
  booktitle =	 "Proceedings of the International Conference on
                  Computational Collective Intelligence Technologies and
                  Applications (ICCCI)",
  year =	 2012,
  score1 =	 3,
  score2 =	 4,
}

@inproceedings{2012-dext3-ols,
  title =	 "{DEXT3: Block Level Inline Deduplication for EXT3 File
                  System}",
  author =	 "A. More and Z. Shaikh and V. Salve",
  booktitle =	 "Proceedings of the Ottawa Linux Symposium (OLS)",
  year =	 2012,
  reflooked =	 "yes",
  assigned =	 "Vasily",
  reviewed =	 "yes",
  score1 =	 1,
  score2 =	 2,
}

@inproceedings{2012-dedup_for_secure_app_embedd_processors-srds,
  title =	 "{Data De-duplication and Event Processing for Security
                  Applications on an Embedded Processor}",
  author =	 "H. Nagarajaiah and S. Upadhyaya and V. Gopal",
  booktitle =	 "Proceedings of the IEEE Symposium on Reliable Distributed
                  Systems (SRDS)",
  year =	 2012,
  score1 =	 4,
  score2 =	 3,
}

@inproceedings{2012-dedisbench-doasvi,
  title =	 "{DEDISbench: A Benchmark for Deduplicated Storage
                  Systems}",
  author =	 "J. Paulo and P. Reis and J. Pereira and A. Sousa",
  booktitle =	 "Proceedings of the International Symposium on Secure
                  Virtual Infrastructures (DOA-SVI)",
  year =	 2012,
  score1 =	 4,
  score2 =	 4,
}

@inproceedings{2012-wan_optimized_replication_backup_stream_informed-fast,
  title =	 "{WAN Optimized Replication of Backup Datasets Using
                  Stream-Informed Delta Compression}",
  author =	 "P. Shilane and M. Huang and G. Wallace and W. Hsu",
  booktitle =	 "Proceedings of the FAST Conference",
  year =	 2012,
  assigned =	 "Philip",
  reviewed =	 "yes",
  score1 =	 3,
  score2 =	 2,
}

@inproceedings{2012-delta_comp_dedup_storage_locality-hotstorage,
  title =	 "{Delta Compressed and Deduplicated Storage Using
                  Stream-Informed Locality}",
  author =	 "P. Shilane and G. Wallace and M. Huang and and W. Hsu",
  booktitle =	 "Proceedings of the Workshop on Hot Topics in Storage and
                  File Systems (HotStorage)",
  year =	 2012,
  assigned =	 "Philip",
  reviewed =	 "yes",
  score1 =	 3,
  score2 =	 1,
}

@inproceedings{2012-idedup-fast,
  title =	 "{iDedup: Latency-aware, inline data deduplication for
                  primary storage}",
  author =	 "K. Srinivasan and T. Bisson and G. Goodson and
                  K. Voruganti",
  booktitle =	 "Proceedings of the FAST Conference",
  year =	 2012,
  assigned =	 "Vasily",
  score1 =	 1,
  score2 =	 1,
}

@inproceedings{2012-generate_real_datasets-atc,
  title =	 "{Generating Realistic Datasets for Deduplication
                  Analysis}",
  author =	 "V. Tarasov and A. Mudrankitony and W. Buik and P. Shilane
                  and G. Kuenning and E. Zadok",
  booktitle =	 "Proceedings of the ATC Conference",
  year =	 2012,
  assigned =	 "Vasily",
  score1 =	 2,
  score2 =	 1,
}

@inproceedings{2012-charact_backup_workloads-fast,
  title =	 "{Characteristics of Backup Workloads in Production
                  Systems}",
  author =	 "G. Wallace and F. Douglis and H. Qian and P. Shilane and
                  S. Smaldone andi M. Chamness and W. Hsu",
  booktitle =	 "Proceedings of the FAST Conference",
  year =	 2012,
  assigned =	 "Philip",
  reviewed =	 "yes",
  score1 =	 1,
  score2 =	 1,
}

@techreport{2012-hands_heuristically_arranged_dedup-tr,
  title =	 "{HANDS: A Heuristically Arranged Non-Backup In-line
                  Deduplication System}",
  author =	 "A. Wildani and E. Miller and O. Rodeh",
  number =	 "UCSC-SSRC-12-03",
  institution =	 "University of California, Santa Cruz",
  year =	 2012,
  assigned =	 "Vasily",
  score1 =	 2,
  score2 =	 3,
}

@inproceedings{2012-pdedupe_parallelism_in_dedup-nas,
  title =	 "{P-Dedupe: Exploiting Parallelism in Data Deduplication
                  System}",
  author =	 "W. Xia and H. Jiang and D. Feng and L. Tian and M. Fu and
                  Z. Wang",
  booktitle =	 "Proceedings of the NAS Conference",
  year =	 2012,
  assigned =	 "Philip",
  reviewed =	 "yes",
  score1 =	 3,
  score2 =	 3,
}

@article{2012-space_savings_var_len_dedup-osreview,
  title =	 "{Space Savings and Design Considerations in Variable
                  Length Deduplication}",
  author =	 "G. A. N. Yasa and P. C. Nagesh",
  journal =	 "ACM SIGOPS Operating Systems Review",
  year =	 2012,
  month =	 "December",
  volume =	 46,
  number =	 3,
  assigned =	 "Sonam",
  score1 =	 2,
  score2 =	 3,
}

@inproceedings{2012-droplet_distrib_data_dedup-icgc,
  title =	 "{Droplet: a Distributed Solution of Data Deduplication}",
  author =	 "Y. Zhang and Y. Wu and G. Yang",
  booktitle =	 "Proceedings of the International Conference on Grid
                  Computing (ICGC)",
  year =	 2012,
  assigned =	 "Philip",
  reviewed =	 "yes",
  score1 =	 3,
  score2 =	 4,
}

@inproceedings{2012-improved_dedup_parallel_binning-ipccc,
  title =	 "{Improved Deduplication Through Parallel Binning}",
  author =	 "Z. Zhang and D. Bhagwat and W. Litwin and D. Long and
                  S. J. T. Schwarz",
  booktitle =	 "Proceedings of the International Conference on Performance
                  Computing and Communications Conference (IPCCC)",
  year =	 2012,
  score1 =	 3,
  score2 =	 4,
}

@inproceedings{2013-mem_efficient_sanit_dedup_system-fast,
  title =	 "{Memory Efficient Sanitization of a Deduplicated Storage
                  System}",
  author =	 "F. C. Botelho and P. Shilane and N. Garg and W. Hsu",
  booktitle =	 "Proceedings of the FAST Conference",
  year =	 2013,
  score1 =	 4,
  score2 =	 3,
  assigned =	 "Philip",
  reviewed =	 "short",
}

@techreport{2012-dedupt-tr,
  title =	 "{DedupT: Deduplication for Tape Systems}",
  author =	 "A. Gharaibeh and C. Constantinescu and M. Lu and A. Sharma
                  and R. Routray and P. Sarkar and D. Pease and M. Ripeanu",
  number =	 "RJ10507 (ALM1201-007)",
  institution =	 "IBM",
  year =	 2012,
}

@inproceedings{2013-dedup_study_host_cache_virtual_env-storagess,
  title =	 "{A Deduplication Study for Host-side Caches in Virtualized
                  Data Center Environments}",
  author =	 "J. Feng and J. Schindler",
  booktitle =	 "Proceedings of ACM Workshop on Storage security and
                  Survivability (StorageSS)",
  year =	 2013,
}

@article{2013-app_aware_data_reduction_cloud_backup-jcst,
  title =	 "{Application-Aware Client-Side Data Reduction
			and Encryption of Personal Data in Cloud
			Backup Services}",
  author =	 "Y. Fu and N. Xiao and X. Liao and F. Liu",
  journal =	 "Journal of Computer Science and Technology",
  year =	 2013,
  month =	 "November",
  volume =	 28,
  number =	 6,
}

@article{2013-inline_dedup_vm_images_desktop-amm,
  title =	 "{Efficient Inline Deduplication on VM Images in Desktop
                  Virtualization Environment}",
  author =	 "Z. Guoyu and T. Haofu and X. Limin and L. Xiuquao",
  journal =	 "Applied Mechanics and Materials",
  year =	 2013,
  month =	 "February",
  volume =	 307,
  score1 =	 5,
  score2 =	 4,
}

@article{2013-data_reduction_ssd_host_caches_vdi-astl,
  title =	 "{Adaptive Data Reduction Scheme for SSD-based
			Host-side Caches in VDI Storage}",
  author =	 "W. He and N. Xiao and F. Liu and Y. Xing and B. Chen",
  journal =	 "Advanced Science and Technology Letters",
  year =	 2013,
  month =	 "October",
  volume =	 28,
  number =	 1,
}

@article{2013-variable_chunking_file_similarity_forensics-astl,
  title =	 "{LwVLC: Light-weight Variable-length Chunking Scheme
			for File Similarity Search in Digital Forensics}",
  author =	 "M. Kim and C. Yoo and W. Lee and Y. Ko",
  journal =	 "Advanced Science and Technology Letters",
  year =	 2013,
  month =	 "October",
  volume =	 28,
  number =	 1,
}

@inproceedings{2013-improving_restore_speed_inline-fast,
  title =	 "{Improving Restore Speed for Backup Systems that Use
                  Inline Chunk-Based Deduplication}",
  author =	 "M. Lillibridge and K. Eshghi",
  booktitle =	 "Proceedings of the FAST Conference",
  year =	 2013,
  score1 =	 1,
  score2 =	 2,
  assigned =	 "Philip",
  reviewed =	 "yes",
}

@article{2013-byte_index_chunking_dedup-ijsa,
  title =	 "{Byte-index Chunking Algorithm for Data Deduplication System}",
  author =	 "I. Lkhagvasuren and J. So and J. Lee and C. Yoo and Y. Ko",
  journal =	 "International Journal of Security and its Applications",
  year =	 2013,
  month =	 "September",
  volume =	 7,
  number =	 5,
}

@inproceedings{2013-file_recipe_compression_dedup_systems-fast,
  title =	 "{File Recipe Compression in Data Deduplication Systems}",
  author =	 "D. Meister and A. Brinkmann and T. Suss",
  booktitle =	 "Proceedings of the FAST Conference",
  year =	 2013,
  score1 =	 2,
  score2 =	 2,
  assigned =	 "Philip",
  reviewed =	 "yes",
}

@inproceedings{2013-assign_chunk_size_target_dedup_system-acis,
  title =	 "{The Assignment of Chunk Size According
			to the Target Data Characteristics
			in Deduplication Backup System}",
  author =	 "M. Ogata and N. Komoda",
  booktitle =	 "Proceedings of the Asian Conference
			on Information System (ACIS)",
  year =	 2013,
}

@article{2013-accurate_eval_dedup-ijcsse,
  title =	 "{Towards an Accurate Evaluation of
			Deduplicated Storage Systems}",
  author =	 "J. Paulo and P. Reis and J. Pereira and A. Sousa",
  journal =	 "International Journal of Computer Systems
			Science and Engineering",
  year =	 2013,
  month =	 "November",
  volume =	 29,
  number =	 1,
}

@inproceedings{2013-dedup_cloud_systems-ccis,
  title =	 "{Data Deduplication in Cloud Computing Systems}",
  author =	 "Y. Shang and H. Li",
  booktitle =	 "Proceedings of the International Workshop on
			Cloud Computing and Information Security (CCIS)",
  year =	 2013,
}

@inproceedings{2013-charact_increment_changes_data_protect-atc,
  title =	 "{Characterization of Incremental Data Changes for
                  Efﬁcient Data Protection}",
  author =	 "H. Shim and P. Shilane and W. Hsu",
  booktitle =	 "Proceedings of the ATC Conference",
  year =	 2013,
}

@inproceedings{2013-storing_vm_backups-hotstorage,
  title =	 "{Efﬁciently Storing Virtual Machine Backups}",
  author =	 "S. Smaldone and G. Wallace and W. Hsu",
  booktitle =	 "Proceedings of the Workshop on Hot Topics in Storage and
                  File Systems (HotStorage)",
  year =	 2013,
  score1 =	 3,
  score2 =	 3,
}

@inproceedings{2013-many_docs_little_time-desi,
  title =	 "{Similar Document Detection and Electronic Discovery: So
                  Many Documents, So Little Time}",
  author =	 "M. Sperling and R. Jin and I. Rayvych and J. Li and J. Yi",
  booktitle =	 "Proceedings of the Workshop on Standards for Using
                  Predictive Coding, Machine Learning, and Other Advanced
                  Search and Review Methods in E-Discovery",
  year =	 2013,
}

@inproceedings{2013-concur_del_distrib_cas_global_dedup-fast,
  title =	 "{Concurrent Deletion in a Distributed Content-Addressable
                  Storage System with Global Deduplication}",
  author =	 "P. Strzelczak and E. Adamczyk and U. Herman-Izycka and
                  J. Sakowicz and L. Slusarczyk and J. Wrona and
                  C. Dubnicki",
  booktitle =	 "Proceedings of the FAST Conference",
  year =	 2013,
  score1 =	 1,
  score2 =	 2,
  assigned =	 "Philip",
  reviewed =	 "yes",
}

@inproceedings{2013-hands_heuristically_arranged_dedup-icde,
  title =	 "{HANDS: A Heuristically Arranged Non-Backup In-line
                  Deduplication System}",
  author =	 "A. Wildani and E. Miller and O. Rodeh",
  booktitle =	 "Proceedings of the International Conference on Data
                  Engineering (ICDE)",
  year =	 2013,
  assigned =	 "Vasily",
  score1 =	 3,
  score2 =	 3,
}

@inproceedings{2013-dedup_estimation_sampling-atc,
  title =	 "{Estimating Duplication by Content-based Sampling}",
  author =	 "F. Xie and M. Condict and S. Shete",
  booktitle =	 "Proceedings of the ATC Conference",
  year =	 2013,
  score2 =	 2,
}

@article{2013-dedup_based_on_mobile_dev-networks,
  title =	 "{Application for Data De-duplication Algorithm
			Based on Mobile Devices}",
  author =	 "G. Xingchen and D. Ning and Y. Jian",
  journal =	 "Journal of Networks",
  year =	 2013,
  month =	 "November",
  volume =	 8,
  number =	 11,
}

@inproceedings{2013-alternatives_duplicate_eliminating-iccnce,
  title =	 "{Alternatives for Eliminating Duplicate in Data Storage}",
  author =	 "T. Yang and J. Zhang and W. Sun",
  booktitle =	 "Proceedings of the International Conference on Computer,
                  Networks and Communication Engineering (ICCNCE)",
  year =	 2013,
}

@article{2013-freq_based_chunking-amm,
  title =	 "{A Novel Frequency Based Chunking for Data Deduplication}",
  author =	 "Y. Zhang and W. Wang and Y. Yin and J. Yuan",
  journal =	 "Applied Mechanics and Materials",
  year =	 2013,
  month =	 "January",
  volume =	 "278-280",
  score1 =	 5,
  score2 =	 4,
}

@inproceedings{2013-low_cost_dedup_vm_backup_cloud-hotstorage,
  title =	 "{Low-Cost Data Deduplication for Virtual Machine Backup in
                  Cloud Storage}",
  author =	 "W. Zhang and T. Yang and G. Narayanasamy and H. Tang",
  booktitle =	 "Proceedings of the Workshop on Hot Topics in Storage and
                  File Systems (HotStorage)",
  year =	 2013,
  score1 =	 3,
  score2 =	 3,
}

@inproceedings{2013-charact_dedup_effic_big_data-iiswc,
  title =	 "{Characterizing the Efficiency of Data Deduplication for
                  Big Data Storage Management}",
  author =	 "R. Zhou and M. Liu and T. Li",
  booktitle =	 "Proceedings of the IEEE International Symposium on
                  Workload Characterization (IISWC)",
  year =	 2013,

}

@inproceedings{2014-ewave_energy_aware_dedup_clusters-systor,
  title =	 "{eWave: Leveraging Energy-Awareness for In-line
				Deduplication Clusters}",
  author =	 "R. Gracia-Tinedo and M. Sanchez-Artigas and P. Garcia-Lopez",
  booktitle =	 "Proceedings of the SYSTOR Conference",
  year =	 2014,
}

@article{2014-secure_dedup_convergent_key_manage-topds,
  title =	 "{Secure Deduplication with Efficient and Reliable
				Convergent Key Management}",
  author =	 "J. Li and X. Chen and M. Li and J. Li and P. Lee and W. Lou",
  journal =	 "IEEE Transactions on Parallel and Distributed Systems",
  year =	 2014,
  month =	 "June",
  volume =	 25,
  number =	 6,
}

@article{2014-read_perf_optim_dedup_cloud-tos,
  title =	 "{Read-Performance Optimization for Deduplication-Based
			Storage Systems in the Cloud}",
  author =	 "B. Mao and H. Jiang and S. Wu and Y. Fu an L. Tian",
  journal =	 "ACM Transactions on Storage",
  year =	 2014,
  month =	 "March",
  volume =	 10,
  number =	 2,
}

@inproceedings{2014-dsdedupe_data_routing_for_cluster_dedup-icnc,
  title =	 "{DS-Dedupe: A Scalable, Low Network Overhead Data Routing
			Algorithm for Inline Cluster Deduplication System}",
  author =	 "Z. Sun and N. Xiao and F. Liu and Y. Fu",
  booktitle =	 "Proceedings of the International Conference on Computing
			Networking and Communications (ICNC)",
  year =	 2014,
}

@article{2014-sbbs_sliding_backtracking_dup_detection-esa,
  title =	 "{SBBS: A sliding blocking algorithm with backtracking
			sub-blocks for duplicate data detection}",
  author =	 "G. Wang and S. Chen and M. Lin and X. Liu",
  journal =	 "Expert Systems with Applications",
  year =	 2014,
  month =	 "April",
  volume =	 41,
  number =	 5,
}

@inproceedings{2014-elasticity_improve_data_dedup-cloud,
  title =	 "{Using Elasticity to Improve Inline Data
			Deduplication Storage Systems}",
  author =	 "Y. Wang and C. Tan and N. Mi",
  booktitle =	 "Proceedings of the International Conference
			on Cloud Computing (CLOUD)",
  year =	 2014,
}

@article{2014-similarity_locality_indexing_dedup-toc,
  title =	 "{Similarity and Locality based Indexing for
			High Performance Data Deduplication}",
  author =	 "W. Xia and H. Jiang and D. Feng and Y. Hua",
  journal =	 "ACM Transactions on Computers",
  year =	 2014,
  month =	 "February",
  volume =	 XXX,
  number =	 XXX,
  comments =	 "This is a journal version of
			2011-silo_near_exact_dedup_scheme-atc,"
}

@inproceedings{2014-dedup_and_delta_for_backup_datasets-dcc,
  title =	 "{Combining Deduplication and Delta Compression to Achieve
			Low-Overhead Data Reduction on Backup Datasets}",
  author =	 "W. Xia and H. Jiang and D. Feng and L. Tian",
  booktitle =	 "Proceedings of the Data Compression Conference",
  year =	 2014,
}

%%%%%%%%%%%%%%%%%%%%%%%%%%%%%%%%%%%%%%%%%%%%%%%%%%%%%%%%%%%%%%%%%%%%%%
% IMPORTED from smackd/dedup.bib on 2014-01-03. -ezk

@inproceedings{2013-dmdedup_versatile_semantically_aware_deduplication_block_device-underreview,
  title =	 "{Dmdedup: A Versatile Semantically-Aware Deduplication
                  Block Device}",
  author =	 "V. Tarasov and D. Jain and G. Kuenning and S. Mandal and
                  K. Palanisami and P.  Shilane and S. Trehan and E. Zadok",
  booktitle =	 "Under Review",
  year =	 2013,
}

@inproceedings{2011-sharing_aware_algorithms_for_virtual_machine_colocation-spaa,
  title =	 "{Sharing-Aware Algorithms for Virtual Machine Colocation}",
  author =	 "M. Sindelar and R. Sitaraman and P. Shenoy",
  booktitle =	 "Proceedings of the 23rd ACM symposium on Parallelism in
                  algorithms and architectures (SPAA)",
  year =	 2011,
}
