% bibtex for meta-heuristics entries
% use a separator before each section -ezk
%%%%%%%%%%%%%%%%%%%%%%%%%%%%%%%%%%%%%%%%%%%%%%%%%%%%%%%%%%%%%%%%%%%%%% 
% File systems
%%%%%%%%%%%%%%%%%%%%%%%%%%%%%%%%%%%%%%%%%%%%%%%%%%%%%%%%%%%%%%%%%%%%%%

@article{rodeh2013btrfs,
  title =	 {Btrfs: The linux b-tree filesystem},
  author =	 {Rodeh, Ohad and Bacik, Josef and Mason, Chris},
  journal =	 {ACM Transactions on Storage (TOS)},
  volume =	 9,
  number =	 3,
  pages =	 9,
  year =	 2013,
  publisher =	 {ACM}
}

@article{konishi2006linux,
  title =	 {The Linux implementation of a log-structured file system},
  author =	 {Konishi, Ryusuke and Amagai, Yoshiji and Sato, Koji and
                  Hifumi, Hisashi and Kihara, Seiji and Moriai, Satoshi},
  journal =	 {ACM SIGOPS Operating Systems Review},
  volume =	 40,
  number =	 3,
  pages =	 {102--107},
  year =	 2006,
  publisher =	 {ACM}
}
%%%%%%%%%%%%%%%%%%%%%%%%%%%%%%%%%%%%%%%%%%%%%%%%%%%%%%%%%%%%%%%%%%%%%%
% bibtex entries for the basic papers of GA/SA -- Akhilesh
%%%%%%%%%%%%%%%%%%%%%%%%%%%%%%%%%%%%%%%%%%%%%%%%%%%%%%%%%%%%%%%%%%%%%%

@article{hastings1970monte,
  title =	 {Monte Carlo sampling methods using Markov chains and their
                  applications},
  author =	 {Hastings, W Keith},
  journal =	 {Biometrika},
  volume =	 57,
  number =	 1,
  pages =	 {97--109},
  year =	 1970,
  publisher =	 {Biometrika Trust}
}

@book{holland1975adaptation,
  title =	 {Adaptation in natural and artificial systems: An
                  introductory analysis with applications to biology,
                  control, and artificial intelligence.},
  author =	 {Holland, John H.},
  year =	 1975,
  publisher =	 {U. Michigan Press}
}

@phdthesis{de1975analysis,
  title =	 {Analysis of the behavior of a class of genetic adaptive
                  systems},
  author =	 {De Jong, Kenneth Alan},
  publisher =	 {University of Michigan},
  school =	 {University of Michigan, Ann Arbor},
  address =	 {Ann Arbor, MI, USA},
  year =	 1975
}

@article{schaffer1987some,
  title =	 {Some effects of selection procedures on hyperplane
                  sampling by genetic algorithms},
  author =	 {Schaffer, J David},
  journal =	 {Genetic algorithms and simulated annealing},
  volume =	 1,
  number =	 1,
  pages =	 {23--29},
  year =	 1987,
  publisher =	 {Morgan Kaufmann}
}

@book{davis1991handbook,
  title =	 {Handbook of genetic algorithms},
  author =	 {Davis, Lawrence and others},
  volume =	 115,
  year =	 1991,
  publisher =	 {Van Nostrand Reinhold New York}
}

@book{Goldberg534133,
  author =	 {Goldberg, David E.},
  title =	 {Genetic Algorithms in Search, Optimization and Machine
                  Learning},
  year =	 1989,
  isbn =	 0201157675,
  edition =	 {1st},
  publisher =	 {Addison-Wesley Longman Publishing Co., Inc.},
  address =	 {Boston, MA, USA},
}

@article{kirkpatrick1983optimization,
  title =	 {Optimization by simulated annealing},
  author =	 {Kirkpatrick, Scott and Gelatt, C Daniel and Vecchi, Mario
                  P and others},
  journal =	 {science},
  volume =	 220,
  number =	 4598,
  pages =	 {671--680},
  year =	 1983,
  publisher =	 {Washington}
}

@article{vcerny1985thermodynamical,
  title =	 {Thermodynamical approach to the traveling salesman
                  problem: An efficient simulation algorithm},
  author =	 {{\v{C}}ern{\`y}, Vladim{\'\i}r},
  journal =	 {Journal of optimization theory and applications},
  volume =	 45,
  number =	 1,
  pages =	 {41--51},
  year =	 1985,
  publisher =	 {Springer}
}

@article{metropolis1953equation,
  title =	 {Equation of state calculations by fast computing machines},
  author =	 {Metropolis, Nicholas and Rosenbluth, Arianna W and
                  Rosenbluth, Marshall N and Teller, Augusta H and Teller,
                  Edward},
  journal =	 {The journal of chemical physics},
  volume =	 21,
  number =	 6,
  pages =	 {1087--1092},
  year =	 1953,
  publisher =	 {AIP Publishing}
}

@book{van1987simulated,
  title =	 {Simulated annealing},
  author =	 {Van Laarhoven, Peter JM and Aarts, Emile HL},
  year =	 1987,
  publisher =	 {Springer}
}

@Book{ Luke2013Metaheuristics,
  author =	 { Sean Luke },
  title =	 { Essentials of Metaheuristics},
  edition =	 { second },
  year =	 { 2013 },
  publisher =	 { Lulu }
}

@MISC{wiki-schema,
  TITLE =	 "{wiki-schema}",
  NOTE =
                  "\url{http://en.wikipedia.org/wiki/Holland's_schema_theorem}",
  KEY =		 "wiki-schema"
}

%%%%%%%%%%%%%%%%%%%%%%%%%%%%%%%%%%%%%%%%%%%%%%%%%%%%%%%%%%%%%%%%%%%%%%
% bibtex entries for Comparative studies
%%%%%%%%%%%%%%%%%%%%%%%%%%%%%%%%%%%%%%%%%%%%%%%%%%%%%%%%%%%%%%%%%%%%%%

@MISC{Lahtinen96empiricalcomparison,
  author =	 {Jussi Lahtinen and Petri Myllymäki and Tomi
                  Silander and Henry Tirri},
  title =	 {Empirical Comparison of Stochastic Algorithms},
  year =	 1996
}

@inproceedings{Churchill:2012:MAT:2330163.2330313,
  author =	 {Churchill, Alexander W. and Husbands, Phil and
                  Philippides, Andrew},
  title =	 {Metaheuristic Approaches to Tool Selection Optimisation},
  booktitle =	 {Proceedings of the 14th Annual Conference on Genetic and
                  Evolutionary Computation},
  series =	 {GECCO '12},
  year =	 2012,
  isbn =	 {978-1-4503-1177-9},
  location =	 {Philadelphia, Pennsylvania, USA},
  pages =	 {1079--1086},
  numpages =	 8,
  url =		 {http://doi.acm.org/10.1145/2330163.2330313},
  doi =		 {10.1145/2330163.2330313},
  acmid =	 2330313,
  publisher =	 {ACM},
  address =	 {New York, NY, USA},
  keywords =	 {computer aided manufacturing, genetic algorithm, memetic
                  algorithms, milling, roughing, stochastic hill climbing,
                  tool selection},
}

@MISC{Manikas96geneticalgorithms,
  author =	 {Theodore W. Manikas and James T. Cain},
  title =	 {Genetic algorithms vs. simulated annealing: a comparison
                  of approaches for solving the circuit partioning problem},
  year =	 1996
}

@INPROCEEDINGS{4663803,
  author =	 {Seymour, K. and You, H. and Dongarra, J.},
  booktitle =	 {Cluster Computing, 2008 IEEE International Conference on},
  title =	 {A comparison of search heuristics for empirical code
                  optimization},
  year =	 2008,
  month =	 {Sept},
  pages =	 {421-429},
  keywords =	 {genetic algorithms;particle swarm optimisation;query
                  formulation;simulated annealing;autotuning
                  systems;empirical code optimization;genetic
                  algorithms;nelder-mead simplex;orthogonal search;particle
                  swarm optimization;random search;search heuristics;search
                  process;search techniques;simulated annealing;Application
                  software;Cost function;Genetic
                  algorithms;Hardware;Laboratories;Lifting equipment;Linear
                  algebra;Optimizing compilers;Particle swarm
                  optimization;Simulated annealing},
  doi =		 {10.1109/CLUSTR.2008.4663803},
  ISSN =	 {1552-5244},
}

%%%%%%%%%%%%%%%%%%%%%%%%%%%%%%%%%%%%%%%%%%%%%%%%%%%%%%%%%%%%%%%%%%%%%%
% bibtex entries for other Metaheuristic algorithms
%%%%%%%%%%%%%%%%%%%%%%%%%%%%%%%%%%%%%%%%%%%%%%%%%%%%%%%%%%%%%%%%%%%%%%

@inproceedings{kennedy95particle,
  added-at =	 {2008-03-11T14:52:34.000+0100},
  author =	 {Kennedy, James and Eberhart, Russell C.},
  biburl =
                  {http://www.bibsonomy.org/bibtex/29555cbac5b7e075f6922287e61f54ecd/idsia},
  booktitle =	 {Proceedings of the IEEE International Conference on Neural
                  Networks},
  citeulike-article-id =2380563,
  interhash =	 {2d4744bd7b05a1ace027a310712c776e},
  intrahash =	 {9555cbac5b7e075f6922287e61f54ecd},
  keywords =	 {evolutionary},
  pages =	 {1942--1948},
  priority =	 2,
  timestamp =	 {2008-03-11T14:52:34.000+0100},
  title =	 {Particle swarm optimization},
  year =	 1995
}

@article{Glover:1986:FPI:15310.15311,
  author =	 {Glover, Fred},
  title =	 {Future Paths for Integer Programming and Links to
                  Artificial Intelligence},
  journal =	 {Comput. Oper. Res.},
  issue_date =	 {May 1986},
  volume =	 13,
  number =	 5,
  month =	 may,
  year =	 1986,
  issn =	 {0305-0548},
  pages =	 {533--549},
  numpages =	 17,
  url =		 {http://dx.doi.org/10.1016/0305-0548(86)90048-1},
  doi =		 {10.1016/0305-0548(86)90048-1},
  acmid =	 15311,
  publisher =	 {Elsevier Science Ltd.},
  address =	 {Oxford, UK, UK},
}

@article{doi:10.1287/ijoc.1.3.190,
  author =	 {Glover, Fred},
  title =	 {{Tabu Search — Part I}},
  journal =	 {ORSA Journal on Computing},
  volume =	 1,
  number =	 3,
  pages =	 {190-206},
  year =	 1989,
  doi =		 {10.1287/ijoc.1.3.190},
  URL =		 {http://dx.doi.org/10.1287/ijoc.1.3.190},
  eprint =	 {http://dx.doi.org/10.1287/ijoc.1.3.190}
}

@article{citeulike:1438115,
  author =	 {Glover, F.},
  citeulike-article-id =1438115,
  journal =	 {ORSA Journal on Computing},
  keywords =	 {minimization},
  pages =	 {4--32},
  posted-at =	 {2007-07-05 17:44:29},
  priority =	 0,
  title =	 {{Tabu Search — Part II}},
  volume =	 2,
  year =	 1990
}

@MISC{Moscato89onevolution,
  author =	 {Pablo Moscato},
  title =	 {On Evolution, Search, Optimization, Genetic Algorithms and
                  Martial Arts - Towards Memetic Algorithms},
  year =	 1989
}

@MISC{Merz01memeticalgorithms,
  author =	 {Peter Merz},
  title =	 {Memetic Algorithms for Combinatorial Optimization
                  Problems: Fitness Landscapes and Effective Search
                  Strategies},
  year =	 2001
}

%%%%%%%%%%%%%%%%%%%%%%%%%%%%%%%%%%%%%%%%%%%%%%%%%%%%%%%%%%%%%%%%%%%%%%
% bibtex entries for GA/SA applications in other domains --Akhilesh
%%%%%%%%%%%%%%%%%%%%%%%%%%%%%%%%%%%%%%%%%%%%%%%%%%%%%%%%%%%%%%%%%%%%%%

@inproceedings{orsila2006parameterizing,
  title =	 {Parameterizing simulated annealing for distributing task
                  graphs on multiprocessor SoCs},
  author =	 {Orsila, Heikki and Kangas, Tero and Salminen, Erno and
                  Hamalainen, Timo D},
  booktitle =	 {System-on-Chip, 2006. International Symposium on},
  pages =	 {1--4},
  year =	 2006,
  organization = {IEEE}
}

@inproceedings{raiha2009using,
  title =	 {Using simulated annealing for producing software
                  architectures},
  author =	 {R{\"a}ih{\"a}, Outi and M{\"a}kinen, Erkki and Poranen,
                  Timo},
  booktitle =	 {Proceedings of the 11th Annual Conference Companion on
                  Genetic and Evolutionary Computation Conference: Late
                  Breaking Papers},
  pages =	 {2131--2136},
  year =	 2009,
  organization = {ACM}
}

@article{guo2011genetic,
  title =	 {A genetic algorithm for optimized feature selection with
                  resource constraints in software product lines},
  author =	 {Guo, Jianmei and White, Jules and Wang, Guangxin and Li,
                  Jian and Wang, Yinglin},
  journal =	 {Journal of Systems and Software},
  volume =	 84,
  number =	 12,
  pages =	 {2208--2221},
  year =	 2011,
  publisher =	 {Elsevier}
}

@inproceedings{canfora2005approach,
  title =	 {An approach for QoS-aware service composition based on
                  genetic algorithms},
  author =	 {Canfora, Gerardo and Di Penta, Massimiliano and Esposito,
                  Raffaele and Villani, Maria Luisa},
  booktitle =	 {Proceedings of the 7th annual conference on Genetic and
                  evolutionary computation},
  pages =	 {1069--1075},
  year =	 2005,
  organization = {ACM}
}

@inproceedings{le2013automatic,
  title =	 {Automatic feature selection for named entity recognition
                  using genetic algorithm},
  author =	 {Le, Huong Thanh and Van Tran, Luan},
  booktitle =	 {Proceedings of the Fourth Symposium on Information and
                  Communication Technology},
  pages =	 {81--87},
  year =	 2013,
  organization = {ACM}
}

@inproceedings{de2014fine,
  title =	 {Fine-grained Benchmark Subsetting for System Selection},
  author =	 {de Oliveira Castro, Pablo and Kashnikov, Yuriy and Akel,
                  Chadi and Popov, Mihail and Jalby, William},
  booktitle =	 {Proceedings of Annual IEEE/ACM International Symposium on
                  Code Generation and Optimization},
  pages =	 132,
  year =	 2014,
  organization = {ACM}
}

@article{gupta2013optimization,
  title =	 {Optimization of Power System Performance Using Real
                  Parameter Genetic Algorithm},
  author =	 {Gupta, Anju and Sharma, Parsh Ram},
  journal =	 {International Journal of Artificial Intelligence and
                  Knowledge Discovery},
  volume =	 3,
  number =	 3,
  pages =	 {16--22},
  year =	 2013
}

@article{lobo2004parameter,
  title =	 {The parameter-less genetic algorithm in practice},
  author =	 {Lobo, Fernando G and Goldberg, David E},
  journal =	 {Information Sciences},
  volume =	 167,
  number =	 1,
  pages =	 {217--232},
  year =	 2004,
  publisher =	 {Elsevier}
}

@article{krogmann2010using,
  title =	 {Using genetic search for reverse engineering of parametric
                  behavior models for performance prediction},
  author =	 {Krogmann, Klaus and Kuperberg, Michael and Reussner, Ralf},
  journal =	 {Software Engineering, IEEE Transactions on},
  volume =	 36,
  number =	 6,
  pages =	 {865--877},
  year =	 2010,
  publisher =	 {IEEE}
}

%%%%%%%%%%%%%%%%%%%%%%%%%%%%%%%%%%%%%%%%%%%%%%%%%%%%%%%%%%%%%%%%%%%%%%
% bibtex entriees for GA/SA applications in systems -- Sonam, Aashray
%%%%%%%%%%%%%%%%%%%%%%%%%%%%%%%%%%%%%%%%%%%%%%%%%%%%%%%%%%%%%%%%%%%%%%

@inproceedings{tikir2007genetic,
  title =	 {A genetic algorithms approach to modeling the performance
                  of memory-bound computations},
  author =	 {Tikir, Mustafa M and Carrington, Laura and Strohmaier,
                  Erich and Snavely, Allan},
  booktitle =	 {Proceedings of the 2007 ACM/IEEE conference on
                  Supercomputing},
  pages =	 47,
  year =	 2007,
  organization = {ACM}
}

@inproceedings{Behzad:2013:TPI:2503210.2503278,
  author =	 {Behzad, Babak and Luu, Huong Vu Thanh and Huchette, Joseph
                  and Byna, Surendra and Prabhat and Aydt, Ruth and Koziol,
                  Quincey and Snir, Marc},
  title =	 {Taming Parallel I/O Complexity with Auto-tuning},
  booktitle =	 {Proceedings of the International Conference on High
                  Performance Computing, Networking, Storage and Analysis},
  series =	 {SC '13},
  year =	 2013,
  isbn =	 {978-1-4503-2378-9},
  location =	 {Denver, Colorado},
  pages =	 {68:1--68:12},
  articleno =	 68,
  numpages =	 12,
  url =		 {http://doi.acm.org/10.1145/2503210.2503278},
  doi =		 {10.1145/2503210.2503278},
  acmid =	 2503278,
  publisher =	 {ACM},
  address =	 {New York, NY, USA},
  keywords =	 {auto-tuning, parallel I/O, parallel file systems,
                  performance optimization},
}

@inproceedings{automatic_parallel_io_perf_optimization_using_ga,
  author =	 {Chen, Y. and Winslett, M. and Cho, Y. and Kuo, S},
  title =	 {Automatic parallel I/O performance optimization using
                  genetic algorithms},
  booktitle =	 {Proceedings of the Seventh International Symposium on High
                  Performance Distributed Computing},
  year =	 1998,
  isbn =	 {0-8186-8579-4},
  location =	 {Chicago, Illinois},
  url =
                  {http://ieeexplore.ieee.org/xpl/articleDetails.jsp?arnumber=709968},
  doi =		 {10.1109/HPDC.1998.709968},
  publisher =	 {IEEE},
}

@inproceedings{Geist:1992:DPE:503720.503735,
  author =	 {Geist, Robert and Suggs, Darrell and Reynolds, Robert and
                  Divatia, Shardul and Harris, Fred and Foster, Evan and
                  Kolte, Priyadarshan},
  title =	 {Disk Performance Enhancement Through Markov-based Cylinder
                  Remapping},
  booktitle =	 {Proceedings of the 30th Annual Southeast Regional
                  Conference},
  series =	 {ACM-SE 30},
  year =	 1992,
  isbn =	 {0-89791-506-2},
  location =	 {Raleigh, North Carolina},
  pages =	 {23--28},
  numpages =	 6,
  url =		 {http://doi.acm.org/10.1145/503720.503735},
  doi =		 {10.1145/503720.503735},
  acmid =	 503735,
  publisher =	 {ACM},
  address =	 {New York, NY, USA},
  keywords =	 {Cylinder mapping, DG/UX\texttrademark, Disk subsystem,
                  Markov models, Simulated annealing, UNIX\texttrademark},
}

@inproceedings{Kumar:2013:CMP:2503210.2503252,
  author =	 {Kumar, Sidharth and Saha, Avishek and Vishwanath,
                  Venkatram and Carns, Philip and Schmidt, John A. and
                  Scorzelli, Giorgio and Kolla, Hemanth and Grout, Ray and
                  Latham, Robert and Ross, Robert and Papkafa, Michael
                  E. and Chen, Jacqueline and Pascucci, Valerio},
  title =	 {Characterization and Modeling of PIDX Parallel I/O for
                  Performance Optimization},
  booktitle =	 {Proceedings of the International Conference on High
                  Performance Computing, Networking, Storage and Analysis},
  series =	 {SC '13},
  year =	 2013,
  isbn =	 {978-1-4503-2378-9},
  location =	 {Denver, Colorado},
  pages =	 {67:1--67:12},
  articleno =	 67,
  numpages =	 12,
  url =		 {http://doi.acm.org/10.1145/2503210.2503252},
  doi =		 {10.1145/2503210.2503252},
  acmid =	 2503252,
  publisher =	 {ACM},
  address =	 {New York, NY, USA},
  keywords =	 {I/O \& network characterization, performance modeling},
}

@INPROCEEDINGS{Wang04storagedevice,
  author =	 {Mengzhi Wang and Kinman Au and Anastassia Ailamaki and
                  Anthony Brockwell and Christos Faloutsos and Gregory
                  R. Ganger},
  title =	 {Storage Device Performance Prediction with CART Models},
  booktitle =	 {The IEEE Computer Society's 12th Annual International
                  Symposium on Modeling, Analysis, and Simulation of
                  Computer and Telecommunications Systems. (MASCOTS)},
  year =	 2004,
  pages =	 {588--595}
}

@inproceedings{Xi:2004:SHA:988672.988711,
  author =	 {Xi, Bowei and Liu, Zhen and Raghavachari, Mukund and Xia,
                  Cathy H. and Zhang, Li},
  title =	 {A Smart Hill-climbing Algorithm for Application Server
                  Configuration},
  booktitle =	 {Proceedings of the 13th International Conference on World
                  Wide Web},
  series =	 {WWW '04},
  year =	 2004,
  isbn =	 {1-58113-844-X},
  location =	 {New York, NY, USA},
  pages =	 {287--296},
  numpages =	 10,
  url =		 {http://doi.acm.org/10.1145/988672.988711},
  doi =		 {10.1145/988672.988711},
  acmid =	 988711,
  publisher =	 {ACM},
  address =	 {New York, NY, USA},
  keywords =	 {automatic tuning, gradient method, importance sampling,
                  simulated annealing, system configuration},
}

@inproceedings{Ye:2003:RRS:781027.781052,
  author =	 {Ye, Tao and Kalyanaraman, Shivkumar},
  title =	 {A Recursive Random Search Algorithm for Large-scale
                  Network Parameter Configuration},
  booktitle =	 {Proceedings of the 2003 ACM SIGMETRICS International
                  Conference on Measurement and Modeling of Computer
                  Systems},
  series =	 {SIGMETRICS '03},
  year =	 2003,
  isbn =	 {1-58113-664-1},
  location =	 {San Diego, CA, USA},
  pages =	 {196--205},
  numpages =	 10,
  url =		 {http://doi.acm.org/10.1145/781027.781052},
  doi =		 {10.1145/781027.781052},
  acmid =	 781052,
  publisher =	 {ACM},
  address =	 {New York, NY, USA},
  keywords =	 {black-box optimization, global optimization, network
                  management, random sampling},
}

@inproceedings{Chen:2014:AAP:2568088.2568093,
  Acmid =	 2568093,
  Address =	 {New York, NY, USA},
  Author =	 {Chen, Feifei and Grundy, John and Schneider, Jean-Guy and
                  Yang, Yun and He, Qiang},
  Booktitle =	 {Proceedings of the 5th ACM/SPEC International Conference
                  on Performance Engineering},
  Date-Added =	 {2014-10-14 22:16:54 +0000},
  Date-Modified ={2014-10-14 22:16:54 +0000},
  Doi =		 {10.1145/2568088.2568093},
  Isbn =	 {978-1-4503-2733-6},
  Keywords =	 {automation, cloud computing, energy consumption, green
                  cloud, performance analysis},
  Location =	 {Dublin, Ireland},
  Numpages =	 12,
  Pages =	 {39--50},
  Publisher =	 {ACM},
  Series =	 {ICPE '14},
  Title =	 {Automated Analysis of Performance and Energy Consumption
                  for Cloud Applications},
  Url =		 {http://doi.acm.org/10.1145/2568088.2568093},
  Year =	 2014,
  Bdsk-Url-1 =	 {http://doi.acm.org/10.1145/2568088.2568093},
  Bdsk-Url-2 =	 {http://dx.doi.org/10.1145/2568088.2568093}
}

@inproceedings{Filieri:2014:ADS:2568225.2568272,
  Acmid =	 2568272,
  Address =	 {New York, NY, USA},
  Author =	 {Filieri, Antonio and Hoffmann, Henry and Maggio, Martina},
  Booktitle =	 {Proceedings of the 36th International Conference on
                  Software Engineering},
  Doi =		 {10.1145/2568225.2568272},
  Isbn =	 {978-1-4503-2756-5},
  Keywords =	 {Adaptive software, control theory, dynamic systems,
                  non-functional requirements, run-time verification},
  Location =	 {Hyderabad, India},
  Numpages =	 12,
  Pages =	 {299--310},
  Publisher =	 {ACM},
  Series =	 {ICSE 2014},
  Title =	 {Automated Design of Self-adaptive Software with
                  Control-theoretical Formal Guarantees},
  Url =		 {http://doi.acm.org/10.1145/2568225.2568272},
  Year =	 2014,
  Bdsk-Url-1 =	 {http://doi.acm.org/10.1145/2568225.2568272},
  Bdsk-Url-2 =	 {http://dx.doi.org/10.1145/2568225.2568272}
}

@inproceedings{6100052,
  Author =	 {Brosig, F. and Huber, N. and Kounev, S.},
  Booktitle =	 {Automated Software Engineering (ASE), 2011 26th IEEE/ACM
                  International Conference on},
  Date-Added =	 {2014-10-14 22:24:29 +0000},
  Date-Modified ={2014-10-14 22:24:29 +0000},
  Doi =		 {10.1109/ASE.2011.6100052},
  Issn =	 {1938-4300},
  Keywords =	 {distributed processing;electronic commerce;object-oriented
                  programming;software architecture;software
                  metrics;software performance
                  evaluation;SPECjEnterprise2010 Enterprise Java
                  benchmark;architecture-level performance model automated
                  extraction;configuration options;data
                  monitoring;distributed component-based systems;enterprise
                  applications;performance requirements;quality-of-service
                  requirements;real system measurement;software
                  architectures;system deployment;usage profile
                  evaluation;Context;Data mining;Java;Monitoring;Predictive
                  models;Servers;Unified modeling language},
  Month =	 {Nov},
  Pages =	 {183-192},
  Title =	 {Automated extraction of architecture-level performance
                  models of distributed component-based systems},
  Year =	 2011,
  Bdsk-Url-1 =	 {http://dx.doi.org/10.1109/ASE.2011.6100052}
}

@article{zhao2014parameter,
  Author =	 {Zhao, Tiezhu and Yuan, Huaqiang},
  Date-Added =	 {2014-10-14 22:26:24 +0000},
  Date-Modified ={2014-10-14 22:26:24 +0000},
  Journal =	 {Information Technology Journal},
  Number =	 11,
  Pages =	 {1908--1911},
  Title =	 {Parameter Analysis Model of Distributed File System Based
                  on Improved Analytic Hierarchy Process},
  Volume =	 13,
  Year =	 2014
}

@inproceedings{6227196,
  Author =	 {Siegmund, N. and Kolesnikov, S.S. and Kastner, C. and
                  Apel, S. and Batory, D. and Rosenmuller, M. and Saake, G.},
  Booktitle =	 {Software Engineering (ICSE), 2012 34th International
                  Conference on},
  Date-Added =	 {2014-10-14 22:27:07 +0000},
  Date-Modified ={2014-10-14 22:27:07 +0000},
  Doi =		 {10.1109/ICSE.2012.6227196},
  Issn =	 {0270-5257},
  Keywords =	 {configuration management;automated performance-relevant
                  feature interaction detection;configuration
                  techniques;customizable programs;feature selection;program
                  families;program performance prediction;user-selectable
                  features;Accuracy;Educational
                  institutions;Encryption;Feature
                  extraction;Generators;Indexes},
  Month =	 {June},
  Pages =	 {167-177},
  Title =	 {Predicting performance via automated feature-interaction
                  detection},
  Year =	 2012,
  Bdsk-Url-1 =	 {http://dx.doi.org/10.1109/ICSE.2012.6227196}
}

@inproceedings{westermann2010towards,
  Author =	 {Westermann, Dennis and Happe, Jens},
  Booktitle =	 {Proc. of the Fifteenth International Workshop on
                  Component-Oriented Programming (WCOP)},
  Date-Added =	 {2014-10-14 22:27:40 +0000},
  Date-Modified ={2014-10-14 22:27:40 +0000},
  Pages =	 {71--78},
  Title =	 {Towards performance prediction of large enterprise
                  applications based on systematic measurements},
  Volume =	 2010,
  Year =	 2010
}

@techreport{ganger2003self,
  title =	 {Self-* storage: Brick-based storage with automated
                  administration},
  author =	 {Ganger, Gregory R and Strunk, John D and Klosterman,
                  Andrew J},
  year =	 2003,
  institution =	 {DTIC Document}
}

@inproceedings{liao2008dynamically,
  title =	 {Dynamically adapting file domain partitioning methods for
                  collective I/O based on underlying parallel file system
                  locking protocols},
  author =	 {Liao, Wei-keng and Choudhary, Alok},
  booktitle =	 {High Performance Computing, Networking, Storage and
                  Analysis, 2008. SC 2008. International Conference for},
  pages =	 {1--12},
  year =	 2008,
  organization = {IEEE}
}

%%%%%%%%%%%%%%%%%%%%%%%%%%%%%%%%%%%%%%%%%%%%%%%%%%%%%%%%%%%%%%%%%%%%%%
%bibtex entries for improvements in GA/SA algorithms: Zhen
%%%%%%%%%%%%%%%%%%%%%%%%%%%%%%%%%%%%%%%%%%%%%%%%%%%%%%%%%%%%%%%%%%%%%%

@article{grefenstette1986optimization,
  title =	 {Optimization of control parameters for genetic algorithms},
  author =	 {Grefenstette, John J},
  journal =	 {Systems, Man and Cybernetics, IEEE Transactions on},
  volume =	 16,
  number =	 1,
  pages =	 {122--128},
  year =	 1986,
  publisher =	 {IEEE}
}

@article{schneider2010investigation,
  title =	 {Investigation of acceptance simulated
                  annealing—A simplified approach to adaptive
                  cooling schedules},
  author =	 {Schneider, Johannes J and Puchta, Markus},
  journal =	 {Physica A: Statistical Mechanics and its Applications},
  volume =	 389,
  number =	 24,
  pages =	 {5822--5831},
  year =	 2010,
  publisher =	 {Elsevier}
}

@article{azizi2004adaptive,
  title =	 {Adaptive temperature control for simulated annealing: a
                  comparative study},
  author =	 {Azizi, Nader and Zolfaghari, Saeed},
  journal =	 {Computers \& Operations Research},
  volume =	 31,
  number =	 14,
  pages =	 {2439--2451},
  year =	 2004,
  publisher =	 {Elsevier}
}

@article{srinivas1994adaptive,
  title =	 {Adaptive probabilities of crossover and mutation in
                  genetic algorithms},
  author =	 {Srinivas, M and Patnaik, Lalit M},
  journal =	 {Systems, Man and Cybernetics, IEEE Transactions on},
  volume =	 24,
  number =	 4,
  pages =	 {656--667},
  year =	 1994,
  publisher =	 {IEEE}
}

@article{ben2004computing,
  title =	 {Computing the initial temperature of simulated annealing},
  author =	 {Ben-Ameur, Walid},
  journal =	 {Computational Optimization and Applications},
  volume =	 29,
  number =	 3,
  pages =	 {369--385},
  year =	 2004,
  publisher =	 {Springer}
}

@article{goldberg1991comparative,
  title =	 {A comparative analysis of selection schemes used in
                  genetic algorithms},
  author =	 {Goldberg, David E and Deb, Kalyanmoy},
  journal =	 {Urbana},
  volume =	 51,
  pages =	 {61801--2996},
  year =	 1991
}

@inproceedings{schlierkamp1996adaptation,
  title =	 {Adaptation of population sizes by competing
                  subpopulations},
  author =	 {Schlierkamp-Voosen, Dirk and M{\"u}hlenbein, Heinz},
  booktitle =	 {In Proceedings of the 1996 IEEE Conference on Evolutionary
                  Computation, Piscataway},
  year =	 1996,
  organization = {Citeseer}
}

@incollection{de1991analysis,
  title =	 {An analysis of the interacting roles of population size
                  and crossover in genetic algorithms},
  author =	 {De Jong, Kenneth A and Spears, William M},
  booktitle =	 {Parallel problem solving from nature},
  pages =	 {38--47},
  year =	 1991,
  publisher =	 {Springer}
}

@inproceedings{harik1999parameter,
  title =	 {A parameter-less genetic algorithm.},
  author =	 {Harik, Georges R and Lobo, Fernando G},
  booktitle =	 {GECCO},
  volume =	 99,
  pages =	 {258--267},
  year =	 1999
}

@inproceedings{arabas1994gavaps,
  title =	 {GAVaPS-a genetic algorithm with varying population size},
  author =	 {Arabas, Jaroslaw and Michalewicz, Zbigniew and Mulawka,
                  Jan},
  booktitle =	 {Evolutionary Computation, 1994. IEEE World Congress on
                  Computational Intelligence., Proceedings of the First IEEE
                  Conference on},
  pages =	 {73--78},
  year =	 1994,
  organization = {IEEE}
}

@article{goldberg1991genetic,
  title =	 {Genetic algorithms, noise, and the sizing of populations},
  author =	 {Goldberg, David E and Deb, Kalyanmoy and Clark, James H},
  journal =	 {Complex systems},
  volume =	 6,
  pages =	 {333--362},
  year =	 1991,
  publisher =	 {Complex Systems Publications, Champaign, IL, USA}
}

@inproceedings{muhlenbein1992genetic,
  title =	 {How Genetic Algorithms Really Work: Mutation and
                  Hillclimbing.},
  author =	 {M{\"u}hlenbein, Heinz},
  booktitle =	 {PPSN},
  volume =	 92,
  pages =	 {15--25},
  year =	 1992
}

@article{aytug2000new,
  title =	 {New stopping criterion for genetic algorithms},
  author =	 {Aytug, Haldun and Koehler, Gary J},
  journal =	 {European Journal of Operational Research},
  volume =	 126,
  number =	 3,
  pages =	 {662--674},
  year =	 2000,
  publisher =	 {Elsevier}
}

@incollection{safe2004stopping,
  title =	 {On stopping criteria for genetic algorithms},
  author =	 {Safe, Mart{\'\i}n and Carballido, Jessica and Ponzoni,
                  Ignacio and Brignole, N{\'e}lida},
  booktitle =	 {Advances in Artificial Intelligence--SBIA 2004},
  pages =	 {405--413},
  year =	 2004,
  publisher =	 {Springer}
}

@incollection{hinterding1996self,
  title =	 {Self-adaptive genetic algorithm for numeric functions},
  author =	 {Hinterding, Robert and Michalewicz, Zbigniew and Peachey,
                  Thomas C},
  booktitle =	 {Parallel Problem Solving from Nature—PPSN IV},
  pages =	 {420--429},
  year =	 1996,
  publisher =	 {Springer}
}

@article{aytug1996stopping,
  title =	 {Stopping criteria for finite length genetic algorithms},
  author =	 {Aytug, Haldun and Koehler, Gary J},
  journal =	 {INFORMS Journal on Computing},
  volume =	 8,
  number =	 2,
  pages =	 {183--191},
  year =	 1996,
  publisher =	 {INFORMS}
}

@article{nourani1998comparison,
  title =	 {A comparison of simulated annealing cooling strategies},
  author =	 {Nourani, Yaghout and Andresen, Bjarne},
  journal =	 {Journal of Physics A: Mathematical and General},
  volume =	 31,
  number =	 41,
  pages =	 8373,
  year =	 1998,
  publisher =	 {IOP Publishing}
}

@article{hajek1988cooling,
  title =	 {Cooling schedules for optimal annealing},
  author =	 {Hajek, Bruce},
  journal =	 {Mathematics of operations research},
  volume =	 13,
  number =	 2,
  pages =	 {311--329},
  year =	 1988,
  publisher =	 {INFORMS}
}

@article{cohn1999simulated,
  title =	 {Simulated annealing: searching for an optimal temperature
                  schedule},
  author =	 {Cohn, Harry and Fielding, Mark},
  journal =	 {SIAM Journal on Optimization},
  volume =	 9,
  number =	 3,
  pages =	 {779--802},
  year =	 1999,
  publisher =	 {SIAM}
}

@inproceedings{mitra1985convergence,
  title =	 {Convergence and finite-time behavior of simulated
                  annealing},
  author =	 {Mitra, Debasis and Romeo, Fabio and
                  Sangiovanni-Vincentelli, Alberto},
  booktitle =	 {Decision and Control, 1985 24th IEEE Conference on},
  volume =	 24,
  pages =	 {761--767},
  year =	 1985,
  organization = {IEEE}
}

@article{romeo1991theoretical,
  title =	 {A theoretical framework for simulated annealing},
  author =	 {Romeo, Fabio and Sangiovanni-Vincentelli, Alberto},
  journal =	 {Algorithmica},
  volume =	 6,
  number =	 {1-6},
  pages =	 {302--345},
  year =	 1991,
  publisher =	 {Springer}
}

%%%%%%%%%%%%%%%%%%%%%%%%%%%%%%%%%%%%%%%%%%%%%%%%%%%%%%%%%%%%%%%%%%%%%%
% bibtex entriees for meta-heuristics -- Zhen
%%%%%%%%%%%%%%%%%%%%%%%%%%%%%%%%%%%%%%%%%%%%%%%%%%%%%%%%%%%%%%%%%%%%%%

@MISC{wiki-mh,
  TITLE =	 "{wiki}",
  NOTE =	 "\url{http://en.wikipedia.org/wiki/Metaheuristic}",
  KEY =		 "wiki"
}

%%%%%%%%%%%%%%%%%%%%%%%%%%%%%%%%%%%%%%%%%%%%%%%%%%%%%%%%%%%%%%%%%%%%%%
% bibtex entriees for island model
%%%%%%%%%%%%%%%%%%%%%%%%%%%%%%%%%%%%%%%%%%%%%%%%%%%%%%%%%%%%%%%%%%%%%%

@inproceedings{pettey1987parallel,
  title =	 {Parallel genetic algorithm},
  author =	 {Pettey, Chrisila B and Leuze, Michael R and Grefenstette,
                  John J},
  booktitle =	 {Genetic algorithms and their applications: proceedings of
                  the second International Conference on Genetic Algorithms:
                  July 28-31, 1987 at the Massachusetts Institute of
                  Technology, Cambridge, MA},
  year =	 1987
}

@book{gordon1992dataflow,
  title =	 {Dataflow parallelism in genetic algorithms},
  author =	 {Gordon, V Scott and Whitley, Darrell and B{\"o}hm, Anton
                  Pedro Willem},
  year =	 1992,
  publisher =	 {Colorado State University, Department of Computer Science}
}

@incollection{gorges1991explicit,
  title =	 {Explicit parallelism of genetic algorithms through
                  population structures},
  author =	 {Gorges-Schleuter, Martina},
  booktitle =	 {Parallel Problem Solving from Nature},
  pages =	 {150--159},
  year =	 1991,
  publisher =	 {Springer}
}

@article{belding1995distributed,
  title =	 {The distributed genetic algorithm revisited},
  author =	 {Belding, Theodore C},
  journal =	 {arXiv preprint adap-org/9504007},
  year =	 1995
}

@article{whitley1999island,
  title =	 {The island model genetic algorithm: On separability,
                  population size and convergence},
  author =	 {Whitley, Darrell and Rana, Soraya and Heckendorn, Robert
                  B},
  journal =	 {Journal of Computing and Information Technology},
  volume =	 7,
  pages =	 {33--48},
  year =	 1999,
  publisher =	 {UNIVERSITY COMPUTING CENTRE ZAGREB}
}

@inproceedings{muhlenbein1991evolution,
  title =	 {Evolution in time and space-the parallel genetic
                  algorithm},
  author =	 {Muhlenbein, Heinz},
  booktitle =	 {Foundations of genetic algorithms},
  year =	 1991,
  organization = {Citeseer}
}

%%%%%%%%%%%%%%%%%%%%%%%%%%%%%%%%%%%%%%%%%%%%%%%%%%%%%%%%%%%%%%%%%%%%%%
% bibtex entriees for control theory
%%%%%%%%%%%%%%%%%%%%%%%%%%%%%%%%%%%%%%%%%%%%%%%%%%%%%%%%%%%%%%%%%%%%%%

@techreport{lee1967foundations,
  title =	 {Foundations of optimal control theory},
  author =	 {Lee, Ernest Bruce and Markus, Lawrence},
  year =	 1967,
  institution =	 {DTIC Document}
}


%%%%%%%%%%%%%%%%%%%%%%%%%%%%%%%%%%%%%%%%%%%%%%%%%%%%%%%%%%%%%%%%%%%%%%
% bibtex entries for Monte Carlo Methods
%%%%%%%%%%%%%%%%%%%%%%%%%%%%%%%%%%%%%%%%%%%%%%%%%%%%%%%%%%%%%%%%%%%%%%

@article{gallagher1991genetic,
  title =	 {Genetic algorithms: An evolution from Monte Carlo Methods
                  for strongly non-linear geophysical optimization problems},
  author =	 {Gallagher, Kerry and Sambridge, Malcolm and Drijkoningen,
                  Guy},
  journal =	 {Geophysical Research Letters},
  volume =	 18,
  number =	 12,
  pages =	 {2177--2180},
  year =	 1991,
  publisher =	 {Wiley Online Library}
}

@book{Robert:1614934,
  author =	 "Robert, Christian P and Casella, George",
  title =	 "{Monte Carlo statistical methods}",
  publisher =	 "Springer",
  address =	 "New York",
  series =	 "Springer Texts in Statistics",
  year =	 1999,
}

@book{Fishman:1614885,
  author        = "Fishman, George S",
  title         = "{Monte carlo: concepts, algorithms, and applications}",
  publisher     = "Springer",
  address       = "New York",
  series        = "Springer Series in Operations Research",
  year          = "1996",
}

@book{hammersley1964monte,
  title =	 {Monte carlo methods},
  author =	 {Hammersley, John Michael and Handscomb, David Christopher},
  volume =	 1,
  year =	 1964,
  publisher =	 {Springer}
}

@book{kalos2008monte,
  title =	 {Monte carlo methods},
  author =	 {Kalos, Malvin H and Whitlock, Paula A},
  year =	 2008,
  publisher =	 {John Wiley \& Sons}
}

%%%%%%%%%%%%%%%%%%%%%%%%%%%%%%%%%%%%%%%%%%%%%%%%%%%%%%%%%%%%%%%%%%%%%%
% bibtex entry for Origin of Wealth
%%%%%%%%%%%%%%%%%%%%%%%%%%%%%%%%%%%%%%%%%%%%%%%%%%%%%%%%%%%%%%%%%%%%%%

@book{beinhocker2006origin,
  title =	 {The Origin of Wealth: Evolution, Complexity, and the
                  Radical Remaking of Economics},
  author =	 {Beinhocker, E.D.},
  isbn =	 9781578517770,
  lccn =	 2006005594,
  url =		 {http://books.google.com/books?id=eUoolrxSFy0C},
  year =	 2006,
  publisher =	 {Harvard Business School Press}
}

%%%%%%%%%%%%%%%%%%%%%%%%%%%%%%%%%%%%%%%%%%%%%%%%%%%%%%%%%%%%%%%%%%%%%%
% bibtex entry for Power Law
%%%%%%%%%%%%%%%%%%%%%%%%%%%%%%%%%%%%%%%%%%%%%%%%%%%%%%%%%%%%%%%%%%%%%%

@ARTICLE{Newman05powerlaws,
  author =	 {M. E. J. Newman},
  title =	 {Power laws, Pareto distributions and Zipf’s
                  law},
  journal =	 {Contemporary Physics},
  year =	 2005
}


%%%%%%%%%%%%%%%%%%%%%%%%%%%%%%%%%%%%%%%%%%%%%%%%%%%%%%%%%%%%%%%%%%%%%%
% bibtex entry for ML
%%%%%%%%%%%%%%%%%%%%%%%%%%%%%%%%%%%%%%%%%%%%%%%%%%%%%%%%%%%%%%%%%%%%%%

@book{bishop2006pattern,
  title =	 {Pattern recognition and machine learning},
  author =	 {Bishop, Christopher M and others},
  volume =	 1,
  year =	 2006,
  publisher =	 {springer New York}
}

@book{murphy2012machine,
  title =	 {Machine learning: a probabilistic perspective},
  author =	 {Murphy, Kevin P},
  year =	 2012,
  publisher =	 {MIT press}
}

@book{breiman1984classification,
  title =	 {Classification and regression trees},
  author =	 {Breiman, Leo and Friedman, Jerome and Stone, Charles J and
                  Olshen, Richard A},
  year =	 1984,
  publisher =	 {CRC press}
}


%%%%%%%%%%%%%%%%%%%%%%%%%%%%%%%%%%%%%%%%%%%%%%%%%%%%%%%%%%%%%%%%%%%%%%
% bibtex entry for Gephi
%%%%%%%%%%%%%%%%%%%%%%%%%%%%%%%%%%%%%%%%%%%%%%%%%%%%%%%%%%%%%%%%%%%%%%

@MISC{gephi,
  TITLE =	 "{gephi}",
  NOTE =	 "\url{https://gephi.github.io}",
  KEY =		 "gephi"
}

%%%%%%%%%%%%%%%%%%%%%%%%%%%%%%%%%%%%%%%%%%%%%%%%%%%%%%%%%%%%%%%%%%%%%%
% bibtex entry for niche GA - Aashray
%%%%%%%%%%%%%%%%%%%%%%%%%%%%%%%%%%%%%%%%%%%%%%%%%%%%%%%%%%%%%%%%%%%%%%

@article{mahfoud1995niching,
  title =	 {Niching methods for genetic algorithms},
  author =	 {Mahfoud, Samir W},
  journal =	 {Urbana},
  volume =	 51,
  number =	 95001,
  year =	 1995,
  publisher =	 {Citeseer}
}

%%%%%%%%%%%%%%%%%%%%%%%%%%%%%%%%%%%%%%%%%%%%%%%%%%%%%%%%%%%%%%%%%%%%%%
% bibtex entry for pyevolve lib - Aashray
%%%%%%%%%%%%%%%%%%%%%%%%%%%%%%%%%%%%%%%%%%%%%%%%%%%%%%%%%%%%%%%%%%%%%%

@article{pyevolve,
  author =	 {Perone, Christian S.},
  title =	 {Pyevolve: A Python Open-source Framework for Genetic
                  Algorithms},
  journal =	 {SIGEVOlution},
  issue_date =	 {November 2009},
  volume =	 4,
  number =	 1,
  month =	 nov,
  year =	 2009,
  issn =	 {1931-8499},
  pages =	 {12--20},
  numpages =	 9,
  url =		 {http://doi.acm.org/10.1145/1656395.1656397},
  doi =		 {10.1145/1656395.1656397},
  acmid =	 1656397,
  publisher =	 {ACM},
  address =	 {New York, NY, USA},
}
%%%%%%%%%%%%%%%%%%%%%%%%%%%%%%%%%%%%%%%%%%%%%%%%%%%%%%%%%%%%%%%%%%%%%%
% bibtex entry for Data Mining - Aashray
%%%%%%%%%%%%%%%%%%%%%%%%%%%%%%%%%%%%%%%%%%%%%%%%%%%%%%%%%%%%%%%%%%%%%%

@book{han2006data,
  title =	 {Data Mining, Southeast Asia Edition: Concepts and
                  Techniques},
  author =	 {Han, Jiawei and Kamber, Micheline},
  year =	 2006,
  publisher =	 {Morgan kaufmann}
}


%%%%%%%%%%%%%%%%%%%%%%%%%%%%%%%%%%%%%%%%%%%%%%%%%%%%%%%%%%%%%%%%%%%%%%
% bibtex entry for Holland's schema theorem wiki
%%%%%%%%%%%%%%%%%%%%%%%%%%%%%%%%%%%%%%%%%%%%%%%%%%%%%%%%%%%%%%%%%%%%%%

@MISC{hollandwiki,
  TITLE =	 "{hollandwiki}",
  NOTE =
                  "\url{http://en.wikipedia.org/wiki/Holland%27s_schema_theorem}",
  KEY =		 "hollandwiki"
}


%%%%%%%%%%%%%%%%%%%%%%%%%%%%%%%%%%%%%%%%%%%%%%%%%%%%%%%%%%%%%%%%%%%%%%
% bibtex entry for Naive Hill Climbing
%%%%%%%%%%%%%%%%%%%%%%%%%%%%%%%%%%%%%%%%%%%%%%%%%%%%%%%%%%%%%%%%%%%%%%

@article{russell1995modern,
  title =	 {A modern approach},
  author =	 {Russell, Stuart and Norvig, Peter and Intelligence,
                  Artificial},
  journal =	 {Artificial Intelligence. Prentice-Hall, Egnlewood Cliffs},
  volume =	 25,
  year =	 1995,
  publisher =	 {Citeseer}
}

@MISC{wiki_hillclimbing,
  TITLE =	 "{hillclimbingwiki}",
  NOTE =	 "\url{http://en.wikipedia.org/wiki/Hill_climbing}",
  KEY =		 "hillclimbingwiki"
}
