@MISC{aio,
  author = "Vasily Tarasov",
  title = "Asynchronous I/O Explained ",
  note = "\url{www.fsl.cs.sunysb.edu/vass/linux-aio.txt}",
}

@MISC{ganesha,
  author =	 "NFS-Ganesha",
  title =	 "NFSv4-Delegations",
  note =	 "\url{https://github.com/nfs-ganesha/nfs-ganesha/wiki/NFSv4-Delegations}",
}

@MISC{rpc,
  author =	 "ANDREW D. BIRRELL and BRUCE JAY NELSON",
  title =	 "Implementing Remote Procedure Calls",
  note =	 "\url{http://www.cs.cmu.edu/~dga/15-712/S11/papers/birrell842.pdf}",
}

@MISC{directNFS,
  author =	 "Oracle",
  title =	 "Oracle Database 11g Direct NFS Client",
  note =	 "\url{http://www.oracle.com/technetwork/articles/directnfsclient-11gr1-twp-129785.pdf}",
}

@MISC{kernelCode,
  author =	 "Kendrick Smith and Andy Adamson",
  title =	 "Linux source code",
  note =	 "\url{http://lxr.free-electrons.com/source/fs/nfs}",
}

@MISC{XDR,
  author =	 "IETF",
  title =	 "External Data Representation Standard",
  note =	 "\url{http://tools.ietf.org/html/rfc4506.html}",
}

@MISC{pynfs,
  author =	 "Pynfs",
  title =	 "Python NFS",
  note =	 "\url{https://github.com/kofemann/pynfs/tree/master/nfs4.1}",
}





